1878 3132
279 161 367 206 734
666 173 877 210 vAnERn
911 175 1106 208 MAX1M1
1143 176 1236 210 ma.
1268 177 1376 210 vus.

283 269 370 312 sibi
383 274 400 301 ⁷
429 269 717 326 conjunctum
738 271 892 324 filium,
912 273 1027 316 flens
1044 274 1356 317 commendare
1377 275 1543 331 coepit:
1558 281 1577 308 8
1605 285 1748 332 eoque

282 338 404 381 facto
424 340 627 394 mitigata
658 341 890 394 concione,
925 343 1004 397 qui
1036 343 1230 386 omnium
1262 357 1487 387 consensu
1524 346 1748 400 periturus

284 413 395 459 erat,
427 422 558 464 paene
577 410 747 453 nullum
769 411 891 454 triste
912 410 1171 465 suffragium
1204 411 1371 455 habuit.
1431 412 1750 458 Misericordia

282 490 388 532 ergo
402 477 418 504 ⁸
449 478 574 522 illam
596 479 906 534 quaestionem,
921 493 1008 522 non
1030 482 1219 536 aequitas
1239 482 1379 524 rexit:
1414 483 1626 537 quoniam
1646 495 1749 538 quae

281 547 544 591 innocentiae
566 549 701 591 tribui
727 549 960 605 nequierat
992 549 1235 602 absolutio,
1261 551 1487 608 respectui
1506 563 1744 608 puerorum

283 616 392 659 data
410 621 512 660 esta*

337 686 380 728 3.
411 684 764 728 Consentaneum
778 692 796 719 9
826 686 949 741 quod
969 687 1187 742 sequitur.
1238 686 1294 729 A.
1316 688 1536 731 Gabinius
1556 689 1604 731 in
1623 702 1750 732 max-

280 755 372 796 imo
410 754 609 797 infamiae
642 768 736 797 suae
775 753 965 797 ardoreh
994 755 1217 811 suffragiis
1256 757 1427 813 populi,
1460 755 1512 800 C.
1533 756 1750 800 Memmio

281 828 562 875 accusatore,
584 825 825 880 subjectus,
847 825 1049 880 abruptae
1082 837 1182 867 esse
1206 826 1306 882 spei
1327 825 1560 869 videbatur
1574 825 1612 869 :⁸
1640 839 1752 882 quo-

279 892 401 935 niam
421 897 467 934 et
498 895 732 936 accusatio
763 897 916 950 partes
947 907 1054 937 suas
1087 894 1220 949 plene
1250 895 1506 947 exhibebat,
1527 899 1574 938 et
1599 894 1751 956 defen-

281 961 422 1004 sionis
451 962 666 1016 praesidia
695 964 901 1006 invalida
932 963 1019 1006 fide
1050 964 1298 1007 nitebantur
1310 969 1361 1018 3¹0
1390 968 1438 1006 et
1468 963 1545 1018 qui
1574 962 1752 1019 judica-

281 1030 406 1082 bant,
437 1030 504 1072 ira
541 1033 785 1088 praecipiti,
817 1045 995 1088 poenam
1034 1032 1228 1075 hominis
1266 1032 1430 1088 cupide
1461 1033 1750 1088 expetebant.

282 1097 421 1153 Igitur
449 1099 583 1143 lictor
611 1105 654 1144 et
678 1103 872 1145 carcer¹¹
907 1105 1011 1144 ante
1044 1102 1204 1145 oculos
1238 1102 1616 1155 obversabantur3
1648 1112 1750 1144 cum

325 1241 340 1263 θ
355 1242 487 1276 Nullam
489 1242 566 1284 sere
579 1253 664 1285 spem
675 1245 787 1278 salutis
797 1244 940 1278 habebat.
973 1243 975 1245 ’

899 1341 1138 1355 OMWO

282 1413 302 1442 7
327 1410 545 1444 omittebant
557 1412 620 1444 sibi
635 1411 715 1445 edd.
730 1413 855 1455 Pighio
871 1414 1101 1457 antiquiores;
1125 1414 1186 1447 sed
1201 1413 1331 1447 habent
1348 1423 1467 1447 omnes
1482 1412 1558 1447 fere
1573 1412 1752 1455 scripti.—

283 1457 304 1486 8
328 1454 410 1487 Vet.
431 1465 515 1487 vero.
560 1456 647 1488 Mox
674 1466 737 1498 pro
764 1457 862 1494 rexit,
884 1457 976 1500 quod
1003 1462 1176 1491 testantur
1203 1458 1325 1491 Leidd.
1352 1462 1437 1499 tres,
1458 1457 1586 1499 Ultraj.
1610 1460 1640 1490 1.
1659 1459 1693 1489 2.
1717 1462 1754 1489 et

283 1496 428 1530 Grotius
443 1498 487 1530 de
503 1498 525 1533 J
530 1509 580 1532 ur.
593 1500 669 1531 Bel.
685 1503 722 1532 et
739 1500 821 1532 Pac.
838 1509 898 1533 nr.
913 1504 966 1534 19.
982 1505 1035 1534 13.
1053 1502 1174 1544 reliqui
1190 1501 1321 1534 habent
1335 1501 1432 1534 texit.
1468 1500 1605 1534 Deinde
1620 1499 1751 1534 Medic.

282 1543 314 1573 2.
329 1545 493 1583 respectu:
514 1543 661 1575 Venett.
683 1543 825 1585 priorum
845 1554 1021 1586 puerorum,
1045 1545 1216 1587 probante
1234 1545 1380 1585 Colero;
1403 1544 1465 1577 sed
1481 1547 1629 1582 renuunt
1650 1542 1752 1577 codd.

284 1588 320 1616 et
335 1586 475 1626 merito,
497 1585 612 1628 inquit
625 1587 837 1619 Torren.—-9
861 1588 1110 1622 Consentaneum
1131 1592 1180 1622 est
1204 1588 1348 1630 Pighius
1369 1593 1493 1622 contra
1514 1596 1631 1621 omnes
1651 1585 1754 1625 codd.

283 1633 320 1660 et
336 1629 486 1671 reliquas
509 1629 678 1662 edd.—-1o
701 1630 803 1663 Leid.
827 1634 860 1664 6.
882 1631 1032 1665 invalidae
1048 1633 1129 1676 fidei
1150 1632 1348 1665 videbantur.
1391 1631 1478 1665 Mox
1501 1632 1511 1652 ‘
1528 1629 1643 1672 Paris.
1670 1633 1752 1670 tert.

283 1676 319 1703 et
334 1677 449 1715 quart.
466 1673 574 1706 Barb.
592 1673 689 1716 prim.
707 1673 805 1706 Leid.
822 1675 921 1717 prim.
937 1679 974 1708 et
997 1685 1068 1708 sec.
1084 1686 1161 1709 cum
1180 1675 1285 1708 Aldd.
1312 1676 1363 1708 ira
1381 1675 1498 1717 perciti
1505 1686 1519 1714 ‚·
1539 1674 1665 1716 Copes.
1691 1673 1752 1706 Ul-

283 1716 364 1758 traj.
391 1726 462 1749 sec.
493 1716 592 1750 Harl.
616 1717 667 1750 ira
691 1717 830 1759 partiti,·
852 1719 975 1762 reliqui
999 1719 1051 1751 ira
1070 1719 1251 1761 praecipiti,·
1273 1723 1312 1752 ut
1333 1719 1433 1752 dedit
1453 1719 1556 1751 etiam
1574 1717 1703 1755 Ascen.
1716 1720 1755 1750 et

282 1758 430 1792 Mediol.
455 1760 624 1803 Equidem
639 1760 695 1793 hic
715 1761 876 1803 praecipiti
895 1762 1124 1804 praetulerim:
1146 1772 1287 1805 praeceps
1312 1762 1363 1795 ira
1386 1766 1454 1800 est,
1478 1771 1556 1804 quae
1574 1771 1633 1797 eos
1649 1769 1755 1799 causa

281 1802 435 1834 nondum
453 1804 554 1844 plane
572 1804 713 1845 cognita
727 1805 932 1847 impellebat
947 1807 989 1837 ad
1003 1807 1208 1848 expetendam
1219 1807 1327 1847 capide
1339 1806 1473 1838 hominis
1486 1815 1619 1847 poenam.
1631 1806 1757 1845 apete-

284 1845 360 1878 bant
386 1846 516 1879 habent
542 1847 677 1888 scripti,
698 1857 763 1879 non
790 1848 1006 1890 expectabant,
1036 1849 1127 1891 quod
1155 1849 1245 1881 bene
1274 1849 1382 1890 igitur
1411 1848 1556 1890 Pighius
1581 1845 1754 1879 inritavit!

287 1889 507 1922 Turrem—11
530 1891 641 1931 Igitur
666 1891 770 1922 viator
794 1895 827 1924 et
851 1902 957 1924 carcer
980 1892 1070 1924 Dan.
1091 1892 1260 1934 probante
1277 1892 1424 1931 Colero;
1447 1896 1486 1924 et
1505 1891 1556 1923 sic
1578 1891 1660 1923 Par.
1674 1891 1753 1922 SA.

284 1932 398 1966 Bitur.
414 1936 447 1966 1.
469 1933 566 1966 Leid.
579 1938 612 1967 5.
634 1939 671 1966 et
685 1934 815 1976 Ultraj.
832 1937 862 1968 1.
878 1938 911 1968 2.
954 1935 1065 1968 Lictor
1083 1935 1188 1977 igitar
1204 1935 1238 1967 in
1256 1935 1473 1979 quibusdam.
1516 1934 1604 1967 Mox
1626 1933 1756 1976 aliquot

948 2033 1091 2067 NOTAE

329 2111 347 2134 ἕ
363 2107 587 2141 Commendare
602 2109 711 2152 σαρξί]
737 2110 908 2152 Populum
924 2111 995 2143 Ro-

284 2167 422 2189 manum
435 2162 586 2191 tutorem
613 2161 725 2202 palam
741 2162 905 2204 instituit,
922 2167 994 2195 tum

287 2208 392 2249 Galli,
404 2212 475 2240 tum
488 2219 625 2242 suorum
638 2210 824 2244 liberorum
838 2212 994 2254 orbitati,

285 2270 328 2292 ex
345 2260 560 2294 Quintiliano
575 2261 636 2294 lib.
652 2271 694 2295 11.
711 2272 742 2295 c.
759 2266 813 2296 16.

329 2315 344 2346 i
361 2310 431 2344 An.
446 2313 498 2345 M.
512 2315 610 2346 3905.
633 2313 692 2347 Ol.
709 2317 783 2347 16⁷.
798 2317 831 2348 4.
853 2315 940 2348 Urb.
952 2315 994 2348 C.

285 2366 362 2396 604.
386 2362 459 2396 Ant
475 2363 538 2396 Cli.
551 2367 627 2397 148.

330 2414 346 2437 ¹¹
361 2414 508 2454 Infamioe
520 2425 586 2448 suae
599 2416 726 2460 ardore]
748 2416 808 2449 Bis
824 2417 889 2450 hoc
904 2428 994 2451 anno

286 2471 470 2499 accusatus
496 2471 551 2500 est
576 2467 757 2510 Gabinius,
783 2473 823 2501 ut
847 2469 993 2501 diximus

286 2517 346 2549 lib.
363 2526 415 2550 ιν.
431 2527 462 2550 c.
476 2521 510 2551 2.
524 2528 561 2551 n.
578 2521 611 2551 4.
629 2518 774 2561 primum
799 2520 993 2561 majestatis

289 2579 309 2600 a
324 2569 490 2602 Memmio
516 2569 609 2612 apud
636 2569 764 2603 Alfium
790 2570 997 2612 Praetorem,

288 2619 380 2662 quod
418 2620 648 2653 Ptolemaeum
684 2626 804 2664 spreta
829 2621 996 2663 religione

289 2670 485 2703 reduxisset
500 2681 576 2704 cum
602 2672 779 2713 exercitu3
802 2673 927 2705 iterum
943 2682 996 2705 re-

290 2722 520 2761 petundarum
553 2722 645 2765 apud
670 2723 838 2756 Catonem
861 2724 997 2757 Praeto-

291 2781 363 2804 rem
378 2783 385 2802 :
421 2772 455 2804 in
481 2773 591 2815 primo
610 2774 745 2816 judicio
774 2775 807 2807 in
838 2775 997 2817 Pompeii

1049 2110 1195 2153 gratiam
1209 2110 1387 2143 absolutus
1396 2114 1451 2142 est
1462 2120 1472 2149 ;
1494 2108 1530 2141 in
1543 2109 1654 2142 altero
1663 2107 1757 2146 dam-

1049 2166 1174 2195 natus:
1207 2163 1251 2195 de
1283 2162 1391 2204 primo
1420 2161 1477 2193 hic
1508 2160 1630 2202 agitur.
1677 2159 1757 2193 Hoc

1045 2212 1218 2255 judicium
1238 2212 1405 2245 describit
1430 2212 1557 2245 Cicero
1583 2211 1695 2254 Epist.
1711 2210 1755 2243 ad

1051 2265 1096 2298 Q.
1114 2265 1271 2296 Fratrem
1297 2264 1357 2297 lib.
1382 2273 1440 2296 ιιι.
1484 2262 1660 2296 ‘Omnino
1672 2262 1757 2295 nihil

1051 2319 1252 2348 accusatore
1275 2316 1425 2348 Lentulo
1450 2313 1760 2356 subscriptoribus·

1052 2375 1119 2409 que
1139 2367 1213 2408 ejus
1228 2365 1415 2399 infantius:
1439 2365 1524 2398 nihil
1537 2365 1598 2397 illo
1612 2363 1757 2397 consilio

1052 2417 1225 2449 sordidius
1239 2427 1248 2449 ε
1284 2417 1345 2449 sed
1361 2421 1477 2449 tamen
1491 2415 1557 2448 nisi
1571 2413 1757 2447 incredibi-

1051 2468 1094 2500 lis
1108 2467 1298 2508 contentio,
1327 2472 1363 2500 et
1388 2476 1510 2509 preces
1534 2465 1709 2507 Pompeii,
1721 2468 1758 2496 et

1051 2518 1247 2550 Dictaturae
1284 2518 1390 2550 etiam
1420 2526 1537 2549 rumor
1562 2516 1686 2558 plenus
1718 2515 1760 2548 ti-

1049 2577 1144 2600 more
1167 2567 1302 2609 fuisset,
1336 2568 1401 2610 ipsi
1429 2568 1580 2601 Lentulo
1605 2577 1674 2600 non
1704 2577 1759 2600 re-

1047 2618 1248 2660 sponderet.
1290 2619 1359 2652 Sed
1391 2618 1500 2660 vides,
1525 2618 1654 2650 nullam
1682 2626 1758 2650 esse

1050 2670 1327 2714 Rempublicam,
1343 2671 1474 2704 nullum
1487 2671 1668 2711 Senatum,
1683 2670 1757 2703 nul-

1049 2725 1083 2757 la
1091 2724 1249 2767 judicia!
