<?xml version="1.0" encoding="UTF-8"?>
<!DOCTYPE html PUBLIC "-//W3C//DTD XHTML 1.0 Transitional//EN"
    "http://www.w3.org/TR/xhtml1/DTD/xhtml1-transitional.dtd">
<html xmlns="http://www.w3.org/1999/xhtml" xml:lang="en" lang="en">
 <head>
  <title>
</title>
<meta http-equiv="Content-Type" content="text/html;charset=utf-8" />
  <meta name='ocr-system' content='tesseract 3.04.00' />
  <meta name='ocr-capabilities' content='ocr_page ocr_carea ocr_par ocr_line ocrx_word'/>
</head>
<body>
  <div class='ocr_page' id='page_1' title='image "./factorumdictorum02valeuoft_0208.png"; bbox 0 0 1878 3132; ppageno 0'>
   <div class='ocr_carea' id='block_1_1' title="bbox 252 151 1546 208">
    <p class='ocr_par' dir='ltr' id='par_1_1' title="bbox 252 151 1546 208">
     <span class='ocr_line' id='line_1_1' title="bbox 252 151 1546 208; baseline 0.005 -14"><span class='ocrx_word' id='word_1_1' title='bbox 252 151 340 195; x_wconf 84' lang='grc'><strong>664</strong></span> <span class='ocrx_word' id='word_1_2' title='bbox 465 161 561 193; x_wconf 77' lang='lat' dir='ltr'><strong>Lm.</strong></span> <span class='ocrx_word' id='word_1_3' title='bbox 582 161 649 193; x_wconf 76' lang='lat' dir='ltr'><strong>vr.</strong></span> <span class='ocrx_word' id='word_1_4' title='bbox 681 160 792 194; x_wconf 77' lang='lat' dir='ltr'><strong>cAP.</strong></span> <span class='ocrx_word' id='word_1_5' title='bbox 813 160 888 194; x_wconf 76' lang='grc' dir='ltr'><strong>ιΧ.</strong></span> <span class='ocrx_word' id='word_1_6' title='bbox 921 162 987 194; x_wconf 79' lang='lat' dir='ltr'><strong>nu</strong></span> <span class='ocrx_word' id='word_1_7' title='bbox 1018 162 1210 195; x_wconf 82' lang='lat' dir='ltr'><strong>MUTAT.</strong></span> <span class='ocrx_word' id='word_1_8' title='bbox 1242 165 1443 208; x_wconf 76' lang='grc' dir='ltr'><strong>ΜοιωΜ,</strong></span> <span class='ocrx_word' id='word_1_9' title='bbox 1463 158 1546 200; x_wconf 70' lang='grc' dir='ltr'><strong>διο.</strong></span> 
     </span>
    </p>
   </div>
   <div class='ocr_carea' id='block_1_2' title="bbox 246 257 1721 932">
    <p class='ocr_par' dir='ltr' id='par_1_2' title="bbox 246 257 1721 932">
     <span class='ocr_line' id='line_1_2' title="bbox 254 257 1720 316; baseline 0.005 -15"><span class='ocrx_word' id='word_1_10' title='bbox 254 260 473 313; x_wconf 81' lang='lat' dir='ltr'><strong>attigerat,</strong></span> <span class='ocrx_word' id='word_1_11' title='bbox 521 258 620 315; x_wconf 89' lang='lat' dir='ltr'><strong>ejus</strong></span> <span class='ocrx_word' id='word_1_12' title='bbox 662 259 848 314; x_wconf 87' lang='lat' dir='ltr'>genibus</span> <span class='ocrx_word' id='word_1_13' title='bbox 865 257 901 293; x_wconf 88' lang='lat'><strong>⁶⁹</strong></span> <span class='ocrx_word' id='word_1_14' title='bbox 949 260 1143 316; x_wconf 84' lang='lat' dir='ltr'><strong>supplex</strong></span> <span class='ocrx_word' id='word_1_15' title='bbox 1181 261 1454 316; x_wconf 57' lang='lat' dir='ltr'><strong>procubuit?</strong></span> <span class='ocrx_word' id='word_1_16' title='bbox 1531 264 1720 309; x_wconf 82' lang='lat' dir='ltr'><strong>Caduca</strong></span> 
     </span>
     <span class='ocr_line' id='line_1_3' title="bbox 246 327 1721 388; baseline 0.005 -19"><span class='ocrx_word' id='word_1_17' title='bbox 246 327 442 370; x_wconf 85' lang='lat' dir='ltr'><strong>-nimium</strong></span> <span class='ocrx_word' id='word_1_18' title='bbox 461 332 508 370; x_wconf 88' lang='lat' dir='ltr'><strong>et</strong></span> <span class='ocrx_word' id='word_1_19' title='bbox 526 328 716 383; x_wconf 83' lang='lat' dir='ltr'><strong>fragilia,</strong></span> <span class='ocrx_word' id='word_1_20' title='bbox 730 329 1064 384; x_wconf 86' lang='lat' dir='ltr'>puerilibusque</span> <span class='ocrx_word' id='word_1_21' title='bbox 1086 337 1388 374; x_wconf 86' lang='lat' dir='ltr'><strong>consentanea</strong></span> <span class='ocrx_word' id='word_1_22' title='bbox 1401 334 1671 388; x_wconf 61' lang='lat' dir='ltr'><strong>crepundiis!⁸</strong></span> <span class='ocrx_word' id='word_1_23' title='bbox 1681 339 1721 367; x_wconf 85' lang='lat'><strong>⁷⁰</strong></span> 
     </span>
     <span class='ocr_line' id='line_1_4' title="bbox 252 397 1718 453; baseline 0.005 -15"><span class='ocrx_word' id='word_1_24' title='bbox 252 400 355 439; x_wconf 89' lang='lat' dir='ltr'><strong>sunt</strong></span> <span class='ocrx_word' id='word_1_25' title='bbox 374 397 478 449; x_wconf 90' lang='lat' dir='ltr'><strong>ista,</strong></span> <span class='ocrx_word' id='word_1_26' title='bbox 509 410 610 452; x_wconf 80' lang='lat' dir='ltr'><strong>quae</strong></span> <span class='ocrx_word' id='word_1_27' title='bbox 640 397 759 439; x_wconf 88' lang='lat' dir='ltr'><strong>vires</strong></span> <span class='ocrx_word' id='word_1_28' title='bbox 791 402 926 453; x_wconf 90' lang='lat' dir='ltr'><strong>atque</strong></span> <span class='ocrx_word' id='word_1_29' title='bbox 957 411 1066 453; x_wconf 91' lang='lat' dir='ltr'><strong>opes</strong></span> <span class='ocrx_word' id='word_1_30' title='bbox 1101 399 1311 442; x_wconf 77' lang='lat' dir='ltr'><strong>humanae</strong></span> <span class='ocrx_word' id='word_1_31' title='bbox 1347 406 1580 444; x_wconf 79' lang='lat' dir='ltr'><strong>vocantur.</strong></span> <span class='ocrx_word' id='word_1_32' title='bbox 1636 401 1718 446; x_wconf 83' lang='lat' dir='ltr'><strong>Af-</strong></span> 
     </span>
     <span class='ocr_line' id='line_1_5' title="bbox 251 463 1720 522; baseline 0.004 -15"><span class='ocrx_word' id='word_1_33' title='bbox 251 463 397 508; x_wconf 87' lang='lat' dir='ltr'><strong>fluunt</strong></span> <span class='ocrx_word' id='word_1_34' title='bbox 435 466 600 516; x_wconf 89' lang='lat' dir='ltr'><strong>subito,</strong></span> <span class='ocrx_word' id='word_1_35' title='bbox 650 471 830 522; x_wconf 89' lang='lat' dir='ltr'><strong>repente</strong></span> <span class='ocrx_word' id='word_1_36' title='bbox 872 466 1158 521; x_wconf 84' lang='lat' dir='ltr'><strong>dilabuntur3</strong></span> <span class='ocrx_word' id='word_1_37' title='bbox 1202 469 1326 511; x_wconf 90' lang='lat' dir='ltr'><strong>nullo</strong></span> <span class='ocrx_word' id='word_1_38' title='bbox 1357 470 1405 511; x_wconf 92' lang='lat' dir='ltr'><strong>in</strong></span> <span class='ocrx_word' id='word_1_39' title='bbox 1439 470 1558 522; x_wconf 91' lang='lat' dir='ltr'><strong>loco,</strong></span> <span class='ocrx_word' id='word_1_40' title='bbox 1595 470 1720 514; x_wconf 89' lang='lat' dir='ltr'><strong>nulla</strong></span> 
     </span>
     <span class='ocr_line' id='line_1_6' title="bbox 249 534 1719 590; baseline 0.003 -14"><span class='ocrx_word' id='word_1_41' title='bbox 249 534 296 576; x_wconf 90' lang='lat' dir='ltr'><strong>in</strong></span> <span class='ocrx_word' id='word_1_42' title='bbox 316 547 509 590; x_wconf 87' lang='lat' dir='ltr'><strong>persona</strong></span> <span class='ocrx_word' id='word_1_43' title='bbox 528 534 765 577; x_wconf 86' lang='lat' dir='ltr'><strong>stabilibus</strong></span> <span class='ocrx_word' id='word_1_44' title='bbox 791 535 903 577; x_wconf 85' lang='lat' dir='ltr'><strong>nixa</strong></span> <span class='ocrx_word' id='word_1_45' title='bbox 936 535 1166 585; x_wconf 77' lang='lat' dir='ltr'><strong>radicibus</strong></span> <span class='ocrx_word' id='word_1_46' title='bbox 1180 538 1465 580; x_wconf 87' lang='lat' dir='ltr'><strong>consistunt:</strong></span> <span class='ocrx_word' id='word_1_47' title='bbox 1483 543 1517 570; x_wconf 92' lang='lat'><strong>⁷¹</strong></span> <span class='ocrx_word' id='word_1_48' title='bbox 1550 538 1632 581; x_wconf 88' lang='lat' dir='ltr'><strong>sed</strong></span> <span class='ocrx_word' id='word_1_49' title='bbox 1653 540 1719 581; x_wconf 89' lang='lat' dir='ltr'><strong>in-</strong></span> 
     </span>
     <span class='ocr_line' id='line_1_7' title="bbox 250 603 1718 662; baseline 0.003 -16"><span class='ocrx_word' id='word_1_50' title='bbox 250 603 500 646; x_wconf 87' lang='lat' dir='ltr'><strong>certissimo</strong></span> <span class='ocrx_word' id='word_1_51' title='bbox 530 603 639 645; x_wconf 86' lang='lat' dir='ltr'><strong>flatu</strong></span> <span class='ocrx_word' id='word_1_52' title='bbox 676 603 880 655; x_wconf 84' lang='lat' dir='ltr'><strong>fortunae,</strong></span> <span class='ocrx_word' id='word_1_53' title='bbox 911 603 998 646; x_wconf 88' lang='lat' dir='ltr'><strong>huc</strong></span> <span class='ocrx_word' id='word_1_54' title='bbox 1024 609 1163 660; x_wconf 88' lang='lat' dir='ltr'><strong>atque</strong></span> <span class='ocrx_word' id='word_1_55' title='bbox 1184 605 1434 658; x_wconf 64' lang='lat' dir='ltr'><strong>illuc&#39;acta,</strong></span> <span class='ocrx_word' id='word_1_56' title='bbox 1467 620 1580 662; x_wconf 89' lang='lat' dir='ltr'><strong>quos</strong></span> <span class='ocrx_word' id='word_1_57' title='bbox 1613 607 1718 650; x_wconf 88' lang='lat' dir='ltr'><strong>sub·</strong></span> 
     </span>
     <span class='ocr_line' id='line_1_8' title="bbox 247 671 1716 730; baseline 0.003 -16"><span class='ocrx_word' id='word_1_58' title='bbox 247 671 352 714; x_wconf 89' lang='lat' dir='ltr'><strong>lime</strong></span> <span class='ocrx_word' id='word_1_59' title='bbox 367 677 403 704; x_wconf 82' lang='lat'><strong>⁷²</strong></span> <span class='ocrx_word' id='word_1_60' title='bbox 432 672 692 723; x_wconf 82' lang='lat' dir='ltr'><strong>extulerunt,</strong></span> <span class='ocrx_word' id='word_1_61' title='bbox 716 673 964 727; x_wconf 86' lang='lat' dir='ltr'><strong>improviso</strong></span> <span class='ocrx_word' id='word_1_62' title='bbox 995 686 1178 717; x_wconf 88' lang='lat' dir='ltr'><strong>recursu</strong></span> <span class='ocrx_word' id='word_1_63' title='bbox 1215 674 1465 727; x_wconf 88' lang='lat' dir='ltr'><strong>destitutos,</strong></span> <span class='ocrx_word' id='word_1_64' title='bbox 1493 675 1716 730; x_wconf 86' lang='lat' dir='ltr'><strong>profundo</strong></span> 
     </span>
     <span class='ocr_line' id='line_1_9' title="bbox 249 739 1718 798; baseline 0.003 -16"><span class='ocrx_word' id='word_1_65' title='bbox 249 739 444 783; x_wconf 90' lang='lat' dir='ltr'><strong>cladium</strong></span> <span class='ocrx_word' id='word_1_66' title='bbox 463 740 781 783; x_wconf 80' lang='lat' dir='ltr'><strong>miserabiliter</strong></span> <span class='ocrx_word' id='word_1_67' title='bbox 801 741 1074 796; x_wconf 86' lang='lat' dir='ltr'><strong>immergunt.</strong></span> <span class='ocrx_word' id='word_1_68' title='bbox 1122 742 1291 798; x_wconf 76' lang='lat' dir='ltr'><strong>Itaque</strong></span> <span class='ocrx_word' id='word_1_69' title='bbox 1308 756 1452 798; x_wconf 87' lang='lat' dir='ltr'><strong>neque</strong></span> <span class='ocrx_word' id='word_1_70' title='bbox 1471 744 1718 786; x_wconf 84' lang='lat' dir='ltr'><strong>existimari</strong></span> 
     </span>
     <span class='ocr_line' id='line_1_10' title="bbox 252 809 1716 865; baseline 0.002 -14"><span class='ocrx_word' id='word_1_71' title='bbox 252 822 399 864; x_wconf 90' lang='lat' dir='ltr'><strong>neque</strong></span> <span class='ocrx_word' id='word_1_72' title='bbox 417 809 509 851; x_wconf 90' lang='lat' dir='ltr'><strong>dici</strong></span> <span class='ocrx_word' id='word_1_73' title='bbox 530 809 693 851; x_wconf 91' lang='lat' dir='ltr'><strong>debent</strong></span> <span class='ocrx_word' id='word_1_74' title='bbox 712 809 846 860; x_wconf 90' lang='lat' dir='ltr'><strong>bona,</strong></span> <span class='ocrx_word' id='word_1_75' title='bbox 860 822 962 865; x_wconf 90' lang='lat' dir='ltr'><strong>quae</strong></span> <span class='ocrx_word' id='word_1_76' title='bbox 980 809 1247 854; x_wconf 90' lang='lat' dir='ltr'><strong>inflictorum</strong></span> <span class='ocrx_word' id='word_1_77' title='bbox 1267 811 1486 854; x_wconf 87' lang='lat' dir='ltr'><strong>malorum</strong></span> <span class='ocrx_word' id='word_1_78' title='bbox 1505 812 1716 855; x_wconf 84' lang='lat' dir='ltr'><strong>amaritu-</strong></span> 
     </span>
     <span class='ocr_line' id='line_1_11' title="bbox 253 876 1077 932; baseline -0.002 -12"><span class='ocrx_word' id='word_1_79' title='bbox 253 877 400 920; x_wconf 88' lang='lat' dir='ltr'><strong>dinem</strong></span> <span class='ocrx_word' id='word_1_80' title='bbox 423 876 648 920; x_wconf 88' lang='lat' dir='ltr'><strong>desiderio</strong></span> <span class='ocrx_word' id='word_1_81' title='bbox 669 877 741 920; x_wconf 84' lang='lat' dir='ltr'><strong>sui</strong></span> <span class='ocrx_word' id='word_1_82' title='bbox 764 876 1028 932; x_wconf 82' lang='lat' dir='ltr'><strong>duplicent.³&#39;</strong></span> <span class='ocrx_word' id='word_1_83' title='bbox 1045 883 1077 910; x_wconf 82' lang='lat'><strong>⁷³</strong></span> 
     </span>
    </p>
   </div>
   <div class='ocr_carea' id='block_1_3' title="bbox 247 1024 1717 1156">
    <p class='ocr_par' dir='ltr' id='par_1_3' title="bbox 247 1024 1717 1156">
     <span class='ocr_line' id='line_1_12' title="bbox 289 1024 1245 1076; baseline 0.003 -19"><span class='ocrx_word' id='word_1_84' title='bbox 289 1024 300 1046; x_wconf 85' lang='lat'>¹</span> <span class='ocrx_word' id='word_1_85' title='bbox 315 1025 445 1058; x_wconf 75' lang='lat' dir='ltr'><strong>Similia</strong></span> <span class='ocrx_word' id='word_1_86' title='bbox 459 1026 659 1068; x_wconf 77' lang='lat' dir='ltr'><strong>crepitaculis</strong></span> <span class='ocrx_word' id='word_1_87' title='bbox 673 1036 690 1058; x_wconf 87' lang='lat' dir='ltr'><strong>e</strong></span> <span class='ocrx_word' id='word_1_88' title='bbox 703 1027 779 1058; x_wconf 82' lang='lat' dir='ltr'><strong>collo</strong></span> <span class='ocrx_word' id='word_1_89' title='bbox 789 1035 956 1067; x_wconf 84' lang='lat' dir='ltr'><strong>puerorum</strong></span> <span class='ocrx_word' id='word_1_90' title='bbox 970 1027 1116 1076; x_wconf 73' lang='lat' dir='ltr'><strong>suspendi</strong></span> <span class='ocrx_word' id='word_1_91' title='bbox 1129 1027 1245 1061; x_wconf 81' lang='lat' dir='ltr'><strong>solitis.</strong></span> 
     </span>
     <span class='ocr_line' id='line_1_13' title="bbox 283 1069 1699 1114; baseline 0.002 -13"><span class='ocrx_word' id='word_1_92' title='bbox 283 1075 299 1095; x_wconf 76' lang='lat'><em>1</em></span> <span class='ocrx_word' id='word_1_93' title='bbox 317 1070 396 1106; x_wconf 84' lang='lat' dir='ltr'><strong>Quae</strong></span> <span class='ocrx_word' id='word_1_94' title='bbox 411 1070 549 1102; x_wconf 75' lang='lat' dir='ltr'><strong>hmnines</strong></span> <span class='ocrx_word' id='word_1_95' title='bbox 563 1070 857 1108; x_wconf 82' lang='lat' dir='ltr'><strong>secundaesortunoe</strong></span> <span class='ocrx_word' id='word_1_96' title='bbox 863 1069 978 1108; x_wconf 80' lang='lat' dir='ltr'><strong>fauore</strong></span> <span class='ocrx_word' id='word_1_97' title='bbox 990 1071 1128 1111; x_wconf 86' lang='lat' dir='ltr'><strong>primum</strong></span> <span class='ocrx_word' id='word_1_98' title='bbox 1150 1073 1191 1102; x_wconf 82' lang='lat' dir='ltr'><strong>ad</strong></span> <span class='ocrx_word' id='word_1_99' title='bbox 1211 1071 1342 1104; x_wconf 75' lang='lat' dir='ltr'><strong>honores</strong></span> <span class='ocrx_word' id='word_1_100' title='bbox 1364 1074 1483 1103; x_wconf 77' lang='lat' dir='ltr'><strong>evectos</strong></span> <span class='ocrx_word' id='word_1_101' title='bbox 1495 1071 1596 1104; x_wconf 76' lang='lat' dir='ltr'><strong>solent</strong></span> <span class='ocrx_word' id='word_1_102' title='bbox 1610 1081 1699 1114; x_wconf 71' lang='lat' dir='ltr'><strong>opprt</strong></span> 
     </span>
     <span class='ocr_line' id='line_1_14' title="bbox 247 1113 1717 1156; baseline 0.002 -12"><span class='ocrx_word' id='word_1_103' title='bbox 247 1122 330 1145; x_wconf 87' lang='lat' dir='ltr'><strong>mere</strong></span> <span class='ocrx_word' id='word_1_104' title='bbox 345 1112 513 1152; x_wconf 65' lang='lat' dir='ltr'><strong>maioribus</strong></span> <span class='ocrx_word' id='word_1_105' title='bbox 534 1114 640 1155; x_wconf 81' lang='lat' dir='ltr'><strong>malis,</strong></span> <span class='ocrx_word' id='word_1_106' title='bbox 659 1116 697 1145; x_wconf 81' lang='lat' dir='ltr'><strong>ut</strong></span> <span class='ocrx_word' id='word_1_107' title='bbox 717 1113 820 1154; x_wconf 79' lang='lat' dir='ltr'><strong>magis</strong></span> <span class='ocrx_word' id='word_1_108' title='bbox 846 1115 982 1153; x_wconf 80' lang='lat' dir='ltr'><strong>augeant</strong></span> <span class='ocrx_word' id='word_1_109' title='bbox 998 1115 1048 1145; x_wconf 83' lang='lat' dir='ltr'><strong>sui</strong></span> <span class='ocrx_word' id='word_1_110' title='bbox 1061 1114 1248 1147; x_wconf 81' lang='lat' dir='ltr'><strong>desiderium</strong></span> <span class='ocrx_word' id='word_1_111' title='bbox 1261 1114 1478 1156; x_wconf 74' lang='lat' dir='ltr'><strong>magnitudine</strong></span> <span class='ocrx_word' id='word_1_112' title='bbox 1491 1114 1717 1156; x_wconf 75' lang='lat' dir='ltr'><strong>calamitatum,</strong></span> 
     </span>
    </p>
   </div>
   <div class='ocr_carea' id='block_1_4' title="bbox 244 1156 536 1198">
    <p class='ocr_par' dir='ltr' id='par_1_4' title="bbox 244 1156 536 1198">
     <span class='ocr_line' id='line_1_15' title="bbox 244 1156 536 1198; baseline 0.004 -11"><span class='ocrx_word' id='word_1_113' title='bbox 244 1165 322 1197; x_wconf 82' lang='lat' dir='ltr'><strong>quas</strong></span> <span class='ocrx_word' id='word_1_114' title='bbox 336 1156 536 1198; x_wconf 71' lang='lat' dir='ltr'><strong>inflixerunt.</strong></span> 
     </span>
    </p>
   </div>
   <div class='ocr_carea' id='block_1_5' title="bbox 859 1220 1101 1233">
    <p class='ocr_par' dir='ltr' id='par_1_5' title="bbox 859 1220 1101 1233">
     <span class='ocr_line' id='line_1_16' title="bbox 859 1220 1101 1233; baseline 0 0"><span class='ocrx_word' id='word_1_115' title='bbox 859 1220 899 1233; x_wconf 52' lang='grc' dir='ltr'><strong>θ’</strong></span> <span class='ocrx_word' id='word_1_116' title='bbox 903 1220 1101 1233; x_wconf 61' lang='lat' dir='ltr'><strong>OOOOM‘OO</strong></span> 
     </span>
    </p>
   </div>
   <div class='ocr_carea' id='block_1_6' title="bbox 239 1287 1716 1979">
    <p class='ocr_par' dir='ltr' id='par_1_6' title="bbox 243 1287 1714 1330">
     <span class='ocr_line' id='line_1_17' title="bbox 243 1287 1714 1330; baseline 0.001 -11"><span class='ocrx_word' id='word_1_117' title='bbox 243 1290 369 1320; x_wconf 78' lang='lat' dir='ltr'><strong>tantum</strong></span> <span class='ocrx_word' id='word_1_118' title='bbox 383 1287 504 1320; x_wconf 84' lang='lat' dir='ltr'><strong>arbiter</strong></span> <span class='ocrx_word' id='word_1_119' title='bbox 518 1287 671 1327; x_wconf 67' lang='lat' dir='ltr'><strong>victorias,</strong></span> <span class='ocrx_word' id='word_1_120' title='bbox 684 1288 736 1320; x_wconf 86' lang='lat' dir='ltr'><strong>sed</strong></span> <span class='ocrx_word' id='word_1_121' title='bbox 751 1291 783 1320; x_wconf 83' lang='lat' dir='ltr'><strong>et</strong></span> <span class='ocrx_word' id='word_1_122' title='bbox 796 1288 918 1321; x_wconf 64' lang='lat' dir='ltr'><strong>victor?</strong></span> <span class='ocrx_word' id='word_1_123' title='bbox 930 1289 1049 1330; x_wconf 87' lang='lat' dir='ltr'><strong>Kapp.</strong></span> <span class='ocrx_word' id='word_1_124' title='bbox 1051 1291 1138 1320; x_wconf 87' lang='lat'><strong>-69</strong></span> <span class='ocrx_word' id='word_1_125' title='bbox 1152 1288 1210 1321; x_wconf 90' lang='lat' dir='ltr'><strong>Sic</strong></span> <span class='ocrx_word' id='word_1_126' title='bbox 1219 1288 1420 1325; x_wconf 69' lang='lat' dir='ltr'><strong>Tenemus,</strong></span> <span class='ocrx_word' id='word_1_127' title='bbox 1427 1287 1633 1330; x_wconf 82' lang='lat' dir='ltr'><strong>jubentibus</strong></span> <span class='ocrx_word' id='word_1_128' title='bbox 1644 1297 1714 1320; x_wconf 88' lang='lat' dir='ltr'><strong>om·</strong></span> 
     </span>
    </p>

    <p class='ocr_par' dir='ltr' id='par_1_7' title="bbox 244 1330 1713 1392">
     <span class='ocr_line' id='line_1_18' title="bbox 244 1330 1713 1392; baseline 0.001 -30"><span class='ocrx_word' id='word_1_129' title='bbox 244 1330 344 1362; x_wconf 85' lang='lat' dir='ltr'><strong>nibus</strong></span> <span class='ocrx_word' id='word_1_130' title='bbox 359 1331 443 1363; x_wconf 87' lang='lat' dir='ltr'><strong>Mss.</strong></span> <span class='ocrx_word' id='word_1_131' title='bbox 462 1336 497 1363; x_wconf 89' lang='lat' dir='ltr'><strong>et</strong></span> <span class='ocrx_word' id='word_1_132' title='bbox 514 1331 723 1363; x_wconf 78' lang='lat' dir='ltr'><strong>editionibus</strong></span> <span class='ocrx_word' id='word_1_133' title='bbox 739 1336 820 1363; x_wconf 82' lang='lat' dir='ltr'><strong>ante</strong></span> <span class='ocrx_word' id='word_1_134' title='bbox 833 1332 1008 1373; x_wconf 86' lang='lat' dir='ltr'><strong>Pighium,</strong></span> <span class='ocrx_word' id='word_1_135' title='bbox 1021 1332 1079 1392; x_wconf 87' lang='lat' dir='ltr'><strong>qni</strong></span> <span class='ocrx_word' id='word_1_136' title='bbox 1092 1341 1168 1363; x_wconf 86' lang='lat' dir='ltr'><strong>cum</strong></span> <span class='ocrx_word' id='word_1_137' title='bbox 1185 1332 1312 1365; x_wconf 89' lang='lat' dir='ltr'><strong>Colero</strong></span> <span class='ocrx_word' id='word_1_138' title='bbox 1325 1338 1362 1364; x_wconf 95' lang='lat' dir='ltr'><strong>et</strong></span> <span class='ocrx_word' id='word_1_139' title='bbox 1377 1332 1518 1364; x_wconf 84' lang='lat' dir='ltr'><strong>Vorstio</strong></span> <span class='ocrx_word' id='word_1_140' title='bbox 1534 1331 1713 1363; x_wconf 79' lang='lat' dir='ltr'><strong>ediderat:</strong></span> 
     </span>
    </p>

    <p class='ocr_par' dir='ltr' id='par_1_8' title="bbox 239 1373 1716 1934">
     <span class='ocr_line' id='line_1_19' title="bbox 243 1373 1715 1425; baseline 0 -19"><span class='ocrx_word' id='word_1_141' title='bbox 243 1376 285 1406; x_wconf 88' lang='lat' dir='ltr'><strong>ad</strong></span> <span class='ocrx_word' id='word_1_142' title='bbox 300 1375 367 1416; x_wconf 75' lang='lat' dir='ltr'><strong>ejus</strong></span> <span class='ocrx_word' id='word_1_143' title='bbox 379 1385 495 1415; x_wconf 86' lang='lat' dir='ltr'><strong>genua.</strong></span> <span class='ocrx_word' id='word_1_144' title='bbox 520 1374 588 1406; x_wconf 88' lang='lat' dir='ltr'><strong>vid.</strong></span> <span class='ocrx_word' id='word_1_145' title='bbox 612 1374 727 1406; x_wconf 84' lang='lat' dir='ltr'><strong>Tacit.</strong></span> <span class='ocrx_word' id='word_1_146' title='bbox 751 1373 844 1407; x_wconf 89' lang='lat' dir='ltr'><strong>Anu.</strong></span> <span class='ocrx_word' id='word_1_147' title='bbox 873 1378 1017 1408; x_wconf 81' lang='lat' dir='ltr'><strong>x11.18.</strong></span> <span class='ocrx_word' id='word_1_148' title='bbox 1047 1374 1214 1425; x_wconf 83' lang='lat' dir='ltr'><strong>‘genibus</strong></span> <span class='ocrx_word' id='word_1_149' title='bbox 1230 1375 1306 1417; x_wconf 85' lang='lat' dir='ltr'><strong>ejus</strong></span> <span class='ocrx_word' id='word_1_150' title='bbox 1320 1375 1534 1417; x_wconf 80' lang='lat' dir='ltr'><strong>provolutus.</strong></span> <span class='ocrx_word' id='word_1_151' title='bbox 1537 1374 1633 1406; x_wconf 80' lang='lat'><strong>⁹—70</strong></span> <span class='ocrx_word' id='word_1_152' title='bbox 1656 1373 1715 1406; x_wconf 76' lang='lat' dir='ltr'><strong>Ita</strong></span> 
     </span>
     <span class='ocr_line' id='line_1_20' title="bbox 242 1417 1716 1468; baseline -0.001 -18"><span class='ocrx_word' id='word_1_153' title='bbox 242 1427 378 1468; x_wconf 88' lang='lat' dir='ltr'><strong>quoque</strong></span> <span class='ocrx_word' id='word_1_154' title='bbox 395 1418 583 1450; x_wconf 82' lang='lat' dir='ltr'><strong>Tonenius</strong></span> <span class='ocrx_word' id='word_1_155' title='bbox 595 1427 638 1449; x_wconf 87' lang='lat' dir='ltr'><strong>ex</strong></span> <span class='ocrx_word' id='word_1_156' title='bbox 654 1418 741 1449; x_wconf 87' lang='lat' dir='ltr'><strong>Mss.</strong></span> <span class='ocrx_word' id='word_1_157' title='bbox 758 1423 794 1450; x_wconf 86' lang='lat' dir='ltr'><strong>et</strong></span> <span class='ocrx_word' id='word_1_158' title='bbox 810 1418 911 1450; x_wconf 87' lang='lat' dir='ltr'><strong>editt.</strong></span> <span class='ocrx_word' id='word_1_159' title='bbox 959 1418 1029 1450; x_wconf 90' lang='lat' dir='ltr'><strong>Alii</strong></span> <span class='ocrx_word' id='word_1_160' title='bbox 1052 1418 1185 1450; x_wconf 85' lang='lat' dir='ltr'><strong>nimium</strong></span> <span class='ocrx_word' id='word_1_161' title='bbox 1199 1418 1294 1451; x_wconf 78' lang='lat' dir='ltr'><strong>haec..</strong></span> <span class='ocrx_word' id='word_1_162' title='bbox 1298 1421 1398 1451; x_wconf 73' lang='lat' dir='ltr'><strong>,mnt-</strong></span> <span class='ocrx_word' id='word_1_163' title='bbox 1440 1418 1510 1450; x_wconf 90' lang='lat' dir='ltr'><strong>Pro</strong></span> <span class='ocrx_word' id='word_1_164' title='bbox 1538 1417 1716 1460; x_wconf 68' lang='lat' dir='ltr'><strong>crepundiis</strong></span> 
     </span>
     <span class='ocr_line' id='line_1_21' title="bbox 242 1460 1715 1502; baseline -0.001 -10"><span class='ocrx_word' id='word_1_165' title='bbox 242 1460 278 1492; x_wconf 90' lang='lat' dir='ltr'><strong>in</strong></span> <span class='ocrx_word' id='word_1_166' title='bbox 295 1461 414 1493; x_wconf 82' lang='lat' dir='ltr'><strong>multis</strong></span> <span class='ocrx_word' id='word_1_167' title='bbox 430 1461 517 1492; x_wconf 88' lang='lat' dir='ltr'><strong>Mss.</strong></span> <span class='ocrx_word' id='word_1_168' title='bbox 530 1461 608 1492; x_wconf 91' lang='lat' dir='ltr'><strong>Vet.</strong></span> <span class='ocrx_word' id='word_1_169' title='bbox 623 1465 659 1492; x_wconf 90' lang='lat' dir='ltr'><strong>et</strong></span> <span class='ocrx_word' id='word_1_170' title='bbox 675 1461 762 1492; x_wconf 85' lang='lat' dir='ltr'><strong>Ven.</strong></span> <span class='ocrx_word' id='word_1_171' title='bbox 775 1466 827 1493; x_wconf 82' lang='lat' dir='ltr'><strong>est</strong></span> <span class='ocrx_word' id='word_1_172' title='bbox 841 1461 988 1502; x_wconf 75' lang='lat' dir='ltr'><strong>crepidis.</strong></span> <span class='ocrx_word' id='word_1_173' title='bbox 991 1463 1076 1494; x_wconf 76' lang='lat'><strong>—71</strong></span> <span class='ocrx_word' id='word_1_174' title='bbox 1102 1461 1197 1493; x_wconf 77' lang='lat' dir='ltr'><strong>Leia.</strong></span> <span class='ocrx_word' id='word_1_175' title='bbox 1213 1465 1245 1494; x_wconf 89' lang='grc'><strong>5.</strong></span> <span class='ocrx_word' id='word_1_176' title='bbox 1257 1462 1441 1493; x_wconf 82' lang='lat' dir='ltr'><strong>subsistunt.</strong></span> <span class='ocrx_word' id='word_1_177' title='bbox 1443 1463 1530 1493; x_wconf 82' lang='grc'><strong>-72</strong></span> <span class='ocrx_word' id='word_1_178' title='bbox 1551 1460 1609 1494; x_wconf 80' lang='lat' dir='ltr'><strong>Ita</strong></span> <span class='ocrx_word' id='word_1_179' title='bbox 1623 1461 1715 1494; x_wconf 77' lang='lat' dir='ltr'><strong>Dan.</strong></span> 
     </span>
     <span class='ocr_line' id='line_1_22' title="bbox 243 1502 1714 1546; baseline -0.001 -10"><span class='ocrx_word' id='word_1_180' title='bbox 243 1509 281 1536; x_wconf 91' lang='lat' dir='ltr'><strong>et</strong></span> <span class='ocrx_word' id='word_1_181' title='bbox 294 1504 478 1536; x_wconf 86' lang='lat' dir='ltr'><strong>duodecim</strong></span> <span class='ocrx_word' id='word_1_182' title='bbox 494 1503 595 1537; x_wconf 87' lang='lat' dir='ltr'><strong>codd.</strong></span> <span class='ocrx_word' id='word_1_183' title='bbox 612 1504 757 1535; x_wconf 88' lang='lat' dir='ltr'><strong>Torren.</strong></span> <span class='ocrx_word' id='word_1_184' title='bbox 769 1514 845 1536; x_wconf 91' lang='lat' dir='ltr'><strong>cum</strong></span> <span class='ocrx_word' id='word_1_185' title='bbox 862 1505 944 1536; x_wconf 87' lang='lat' dir='ltr'><strong>Vet.</strong></span> <span class='ocrx_word' id='word_1_186' title='bbox 964 1504 1059 1546; x_wconf 89' lang='lat' dir='ltr'><strong>Mog.</strong></span> <span class='ocrx_word' id='word_1_187' title='bbox 1084 1505 1230 1537; x_wconf 85' lang='lat' dir='ltr'><strong>Venett.</strong></span> <span class='ocrx_word' id='word_1_188' title='bbox 1255 1507 1287 1537; x_wconf 80' lang='lat'><strong>3.</strong></span> <span class='ocrx_word' id='word_1_189' title='bbox 1308 1507 1341 1537; x_wconf 87' lang='grc'><strong>4.</strong></span> <span class='ocrx_word' id='word_1_190' title='bbox 1358 1509 1395 1536; x_wconf 88' lang='lat' dir='ltr'><strong>et</strong></span> <span class='ocrx_word' id='word_1_191' title='bbox 1409 1504 1555 1536; x_wconf 88' lang='lat' dir='ltr'><strong>Mediol.</strong></span> <span class='ocrx_word' id='word_1_192' title='bbox 1569 1506 1602 1536; x_wconf 71' lang='lat'><strong>8.</strong></span> <span class='ocrx_word' id='word_1_193' title='bbox 1618 1502 1714 1546; x_wconf 87' lang='lat' dir='ltr'><strong>quod</strong></span> 
     </span>
     <span class='ocr_line' id='line_1_23' title="bbox 242 1546 1715 1590; baseline -0.001 -10"><span class='ocrx_word' id='word_1_194' title='bbox 242 1549 378 1589; x_wconf 84' lang='lat' dir='ltr'><strong>recepit</strong></span> <span class='ocrx_word' id='word_1_195' title='bbox 387 1547 594 1580; x_wconf 86' lang='lat' dir='ltr'><strong>Torrenius.</strong></span> <span class='ocrx_word' id='word_1_196' title='bbox 612 1547 695 1579; x_wconf 84' lang='lat' dir='ltr'><strong>alii</strong></span> <span class='ocrx_word' id='word_1_197' title='bbox 683 1558 717 1579; x_wconf 83' lang='lat' dir='ltr'><strong>m</strong></span> <span class='ocrx_word' id='word_1_198' title='bbox 727 1548 871 1579; x_wconf 70' lang='lat' dir='ltr'><strong>sublime</strong></span> <span class='ocrx_word' id='word_1_199' title='bbox 895 1548 981 1580; x_wconf 85' lang='lat' dir='ltr'><strong>Mox</strong></span> <span class='ocrx_word' id='word_1_200' title='bbox 993 1557 1056 1589; x_wconf 91' lang='lat' dir='ltr'><strong>pro</strong></span> <span class='ocrx_word' id='word_1_201' title='bbox 1071 1558 1213 1588; x_wconf 81' lang='lat' dir='ltr'><strong>recursu,</strong></span> <span class='ocrx_word' id='word_1_202' title='bbox 1227 1547 1320 1590; x_wconf 91' lang='lat' dir='ltr'><strong>quod</strong></span> <span class='ocrx_word' id='word_1_203' title='bbox 1333 1547 1463 1580; x_wconf 82' lang='lat' dir='ltr'><strong>Brand.</strong></span> <span class='ocrx_word' id='word_1_204' title='bbox 1479 1550 1511 1579; x_wconf 92' lang='lat'><strong>1.</strong></span> <span class='ocrx_word' id='word_1_205' title='bbox 1522 1550 1554 1579; x_wconf 75' lang='lat'><strong>2.</strong></span> <span class='ocrx_word' id='word_1_206' title='bbox 1565 1551 1602 1579; x_wconf 83' lang='lat' dir='ltr'><strong>et</strong></span> <span class='ocrx_word' id='word_1_207' title='bbox 1614 1546 1715 1579; x_wconf 86' lang='lat' dir='ltr'><strong>multi</strong></span> 
     </span>
     <span class='ocr_line' id='line_1_24' title="bbox 242 1589 1712 1632; baseline 0 -10"><span class='ocrx_word' id='word_1_208' title='bbox 242 1590 343 1623; x_wconf 83' lang='lat' dir='ltr'><strong>codd</strong></span> <span class='ocrx_word' id='word_1_209' title='bbox 358 1591 499 1623; x_wconf 88' lang='lat' dir='ltr'><strong>Torren.</strong></span> <span class='ocrx_word' id='word_1_210' title='bbox 517 1595 703 1629; x_wconf 76' lang='lat' dir='ltr'><strong>testantur,</strong></span> <span class='ocrx_word' id='word_1_211' title='bbox 716 1591 855 1631; x_wconf 82' lang='lat' dir='ltr'><strong>Lipsius</strong></span> <span class='ocrx_word' id='word_1_212' title='bbox 867 1601 910 1623; x_wconf 87' lang='lat' dir='ltr'><strong>ex</strong></span> <span class='ocrx_word' id='word_1_213' title='bbox 926 1590 1058 1623; x_wconf 86' lang='lat' dir='ltr'><strong>dnobus</strong></span> <span class='ocrx_word' id='word_1_214' title='bbox 1075 1596 1160 1623; x_wconf 87' lang='lat' dir='ltr'><strong>vett.</strong></span> <span class='ocrx_word' id='word_1_215' title='bbox 1175 1591 1275 1623; x_wconf 86' lang='lat' dir='ltr'><strong>malit</strong></span> <span class='ocrx_word' id='word_1_216' title='bbox 1288 1600 1420 1632; x_wconf 76' lang='lat' dir='ltr'><strong>recessu,</strong></span> <span class='ocrx_word' id='word_1_217' title='bbox 1434 1594 1474 1623; x_wconf 89' lang='lat' dir='ltr'><strong>ut</strong></span> <span class='ocrx_word' id='word_1_218' title='bbox 1490 1590 1524 1622; x_wconf 88' lang='lat' dir='ltr'><strong>in</strong></span> <span class='ocrx_word' id='word_1_219' title='bbox 1540 1589 1665 1632; x_wconf 75' lang='lat' dir='ltr'><strong>Ultraj.</strong></span> <span class='ocrx_word' id='word_1_220' title='bbox 1680 1592 1712 1622; x_wconf 93' lang='lat'><strong>1.</strong></span> 
     </span>
     <span class='ocr_line' id='line_1_25' title="bbox 243 1632 1714 1676; baseline -0.001 -10"><span class='ocrx_word' id='word_1_221' title='bbox 243 1633 366 1667; x_wconf 86' lang='lat' dir='ltr'><strong>Leidd.</strong></span> <span class='ocrx_word' id='word_1_222' title='bbox 382 1637 413 1666; x_wconf 94' lang='lat'><strong>1.</strong></span> <span class='ocrx_word' id='word_1_223' title='bbox 430 1638 462 1666; x_wconf 95' lang='grc'><strong>5.</strong></span> <span class='ocrx_word' id='word_1_224' title='bbox 478 1636 610 1666; x_wconf 79' lang='lat' dir='ltr'><strong>decursu</strong></span> <span class='ocrx_word' id='word_1_225' title='bbox 625 1633 723 1665; x_wconf 88' lang='lat' dir='ltr'><strong>dedit</strong></span> <span class='ocrx_word' id='word_1_226' title='bbox 737 1634 896 1674; x_wconf 86' lang='lat' dir='ltr'><strong>Pighius.</strong></span> <span class='ocrx_word' id='word_1_227' title='bbox 942 1634 1081 1666; x_wconf 87' lang='lat' dir='ltr'><strong>Deinde</strong></span> <span class='ocrx_word' id='word_1_228' title='bbox 1106 1634 1141 1666; x_wconf 87' lang='lat' dir='ltr'><strong>in</strong></span> <span class='ocrx_word' id='word_1_229' title='bbox 1153 1634 1308 1676; x_wconf 85' lang='lat' dir='ltr'><strong>profundo</strong></span> <span class='ocrx_word' id='word_1_230' title='bbox 1325 1635 1425 1675; x_wconf 87' lang='lat' dir='ltr'><strong>vulgo</strong></span> <span class='ocrx_word' id='word_1_231' title='bbox 1449 1632 1619 1666; x_wconf 79' lang='lat' dir='ltr'><strong>edebatur</strong></span> <span class='ocrx_word' id='word_1_232' title='bbox 1631 1636 1714 1666; x_wconf 81' lang='lat' dir='ltr'><strong>ante</strong></span> 
     </span>
     <span class='ocr_line' id='line_1_26' title="bbox 241 1676 1714 1719; baseline -0.001 -10"><span class='ocrx_word' id='word_1_233' title='bbox 241 1677 308 1718; x_wconf 87' lang='lat' dir='ltr'><strong>Pig</strong></span> <span class='ocrx_word' id='word_1_234' title='bbox 311 1677 417 1719; x_wconf 88' lang='lat' dir='ltr'><strong>hium,</strong></span> <span class='ocrx_word' id='word_1_235' title='bbox 435 1677 495 1709; x_wconf 87' lang='lat' dir='ltr'><strong>sed</strong></span> <span class='ocrx_word' id='word_1_236' title='bbox 513 1678 594 1709; x_wconf 87' lang='lat' dir='ltr'><strong>leet.</strong></span> <span class='ocrx_word' id='word_1_237' title='bbox 610 1683 761 1708; x_wconf 86' lang='lat' dir='ltr'><strong>nostram</strong></span> <span class='ocrx_word' id='word_1_238' title='bbox 773 1676 979 1709; x_wconf 88' lang='lat' dir='ltr'><strong>confirmant</strong></span> <span class='ocrx_word' id='word_1_239' title='bbox 994 1686 1112 1709; x_wconf 86' lang='lat' dir='ltr'><strong>ornnes</strong></span> <span class='ocrx_word' id='word_1_240' title='bbox 1130 1677 1231 1710; x_wconf 89' lang='lat' dir='ltr'><strong>codd.</strong></span> <span class='ocrx_word' id='word_1_241' title='bbox 1248 1683 1283 1709; x_wconf 90' lang='lat' dir='ltr'><strong>et</strong></span> <span class='ocrx_word' id='word_1_242' title='bbox 1299 1678 1395 1719; x_wconf 88' lang='lat' dir='ltr'><strong>Mog.</strong></span> <span class='ocrx_word' id='word_1_243' title='bbox 1396 1679 1482 1709; x_wconf 75' lang='lat'><strong>—73</strong></span> <span class='ocrx_word' id='word_1_244' title='bbox 1499 1676 1556 1709; x_wconf 82' lang='lat' dir='ltr'><strong>Ita</strong></span> <span class='ocrx_word' id='word_1_245' title='bbox 1570 1677 1714 1708; x_wconf 78' lang='lat' dir='ltr'><strong>Torren-</strong></span> 
     </span>
     <span class='ocr_line' id='line_1_27' title="bbox 243 1688 1712 1768; baseline -0.001 -16"><span class='ocrx_word' id='word_1_246' title='bbox 243 1730 287 1753; x_wconf 88' lang='lat' dir='ltr'><strong>ex</strong></span> <span class='ocrx_word' id='word_1_247' title='bbox 288 1688 404 1753; x_wconf 74' lang='lat' dir='ltr'><strong>g.codd</strong></span> <span class='ocrx_word' id='word_1_248' title='bbox 419 1726 455 1753; x_wconf 91' lang='lat' dir='ltr'><strong>et</strong></span> <span class='ocrx_word' id='word_1_249' title='bbox 470 1720 550 1752; x_wconf 90' lang='lat' dir='ltr'><strong>edd.</strong></span> <span class='ocrx_word' id='word_1_250' title='bbox 566 1725 697 1752; x_wconf 80' lang='lat' dir='ltr'><strong>textum</strong></span> <span class='ocrx_word' id='word_1_251' title='bbox 716 1720 883 1761; x_wconf 82' lang='lat' dir='ltr'><strong>restituit,</strong></span> <span class='ocrx_word' id='word_1_252' title='bbox 893 1730 968 1752; x_wconf 90' lang='lat' dir='ltr'><strong>cum</strong></span> <span class='ocrx_word' id='word_1_253' title='bbox 985 1720 1130 1761; x_wconf 86' lang='lat' dir='ltr'><strong>Pighius</strong></span> <span class='ocrx_word' id='word_1_254' title='bbox 1147 1730 1191 1752; x_wconf 87' lang='lat' dir='ltr'><strong>ex</strong></span> <span class='ocrx_word' id='word_1_255' title='bbox 1205 1721 1276 1753; x_wconf 86' lang='lat' dir='ltr'><strong>solo</strong></span> <span class='ocrx_word' id='word_1_256' title='bbox 1289 1720 1417 1752; x_wconf 82' lang='lat' dir='ltr'><strong>Cauch.</strong></span> <span class='ocrx_word' id='word_1_257' title='bbox 1434 1719 1620 1752; x_wconf 84' lang='lat' dir='ltr'><strong>edidisset.</strong></span> <span class='ocrx_word' id='word_1_258' title='bbox 1641 1728 1712 1768; x_wconf 55' lang='lat' dir='ltr'><strong>quoy</strong></span> 
     </span>
     <span class='ocr_line' id='line_1_28' title="bbox 242 1761 1714 1805; baseline -0.001 -10"><span class='ocrx_word' id='word_1_259' title='bbox 242 1767 279 1795; x_wconf 85' lang='lat' dir='ltr'><strong>ut</strong></span> <span class='ocrx_word' id='word_1_260' title='bbox 290 1764 482 1805; x_wconf 68' lang='lat' dir='ltr'><strong>inflictorum</strong></span> <span class='ocrx_word' id='word_1_261' title='bbox 495 1764 646 1795; x_wconf 83' lang='lat' dir='ltr'><strong>malorum</strong></span> <span class='ocrx_word' id='word_1_262' title='bbox 660 1764 873 1795; x_wconf 81' lang='lat' dir='ltr'><strong>amaritudine</strong></span> <span class='ocrx_word' id='word_1_263' title='bbox 887 1765 919 1795; x_wconf 88' lang='lat' dir='ltr'><strong>d.</strong></span> <span class='ocrx_word' id='word_1_264' title='bbox 936 1763 987 1795; x_wconf 82' lang='lat' dir='ltr'><strong>sui</strong></span> <span class='ocrx_word' id='word_1_265' title='bbox 999 1763 1171 1804; x_wconf 79' lang='lat' dir='ltr'><strong>duplicent,</strong></span> <span class='ocrx_word' id='word_1_266' title='bbox 1186 1773 1386 1805; x_wconf 76' lang='lat' dir='ltr'><strong>propensiore</strong></span> <span class='ocrx_word' id='word_1_267' title='bbox 1391 1763 1508 1802; x_wconf 83' lang='lat' dir='ltr'><strong>favore</strong></span> <span class='ocrx_word' id='word_1_268' title='bbox 1520 1763 1622 1804; x_wconf 81' lang='lat' dir='ltr'><strong>primo</strong></span> <span class='ocrx_word' id='word_1_269' title='bbox 1635 1761 1714 1795; x_wconf 79' lang='lat' dir='ltr'><strong>deli-</strong></span> 
     </span>
     <span class='ocr_line' id='line_1_29' title="bbox 241 1805 1713 1856; baseline -0.002 -17"><span class='ocrx_word' id='word_1_270' title='bbox 241 1807 328 1839; x_wconf 79' lang='lat' dir='ltr'><strong>nitos</strong></span> <span class='ocrx_word' id='word_1_271' title='bbox 355 1807 472 1856; x_wconf 65' lang='lat' dir='ltr'><strong>mpjore</strong></span> <span class='ocrx_word' id='word_1_272' title='bbox 500 1809 605 1847; x_wconf 78' lang='lat' dir='ltr'><strong>postea</strong></span> <span class='ocrx_word' id='word_1_273' title='bbox 626 1806 779 1838; x_wconf 85' lang='lat' dir='ltr'><strong>malorum</strong></span> <span class='ocrx_word' id='word_1_274' title='bbox 805 1808 925 1838; x_wconf 85' lang='lat' dir='ltr'><strong>cumulo</strong></span> <span class='ocrx_word' id='word_1_275' title='bbox 948 1807 1123 1848; x_wconf 83' lang='lat' dir='ltr'><strong>opprimere</strong></span> <span class='ocrx_word' id='word_1_276' title='bbox 1144 1807 1268 1845; x_wconf 83' lang='lat' dir='ltr'><strong>solent;</strong></span> <span class='ocrx_word' id='word_1_277' title='bbox 1291 1806 1351 1837; x_wconf 81' lang='lat' dir='ltr'><strong>sed</strong></span> <span class='ocrx_word' id='word_1_278' title='bbox 1374 1811 1547 1847; x_wconf 84' lang='lat' dir='ltr'><strong>postrema</strong></span> <span class='ocrx_word' id='word_1_279' title='bbox 1570 1805 1676 1837; x_wconf 81' lang='lat' dir='ltr'><strong>verba</strong></span> <span class='ocrx_word' id='word_1_280' title='bbox 1691 1814 1713 1836; x_wconf 73' lang='lat' dir='ltr'><strong>a</strong></span> 
     </span>
     <span class='ocr_line' id='line_1_30' title="bbox 239 1847 1711 1891; baseline -0.001 -10"><span class='ocrx_word' id='word_1_281' title='bbox 239 1849 439 1891; x_wconf 78' lang='lat' dir='ltr'><strong>propensiore</strong></span> <span class='ocrx_word' id='word_1_282' title='bbox 463 1858 571 1891; x_wconf 87' lang='lat' dir='ltr'><strong>usque</strong></span> <span class='ocrx_word' id='word_1_283' title='bbox 598 1849 643 1881; x_wconf 86' lang='lat' dir='ltr'><strong>ad</strong></span> <span class='ocrx_word' id='word_1_284' title='bbox 669 1849 780 1888; x_wconf 80' lang='lat' dir='ltr'><strong>solent,</strong></span> <span class='ocrx_word' id='word_1_285' title='bbox 804 1849 838 1881; x_wconf 92' lang='lat' dir='ltr'><strong>in</strong></span> <span class='ocrx_word' id='word_1_286' title='bbox 863 1849 963 1881; x_wconf 81' lang='lat' dir='ltr'><strong>nullis</strong></span> <span class='ocrx_word' id='word_1_287' title='bbox 990 1849 1085 1881; x_wconf 85' lang='lat' dir='ltr'><strong>libris</strong></span> <span class='ocrx_word' id='word_1_288' title='bbox 1101 1848 1176 1881; x_wconf 89' lang='lat' dir='ltr'><strong>aliis</strong></span> <span class='ocrx_word' id='word_1_289' title='bbox 1193 1859 1304 1891; x_wconf 89' lang='lat' dir='ltr'><strong>neque</strong></span> <span class='ocrx_word' id='word_1_290' title='bbox 1321 1848 1460 1890; x_wconf 76' lang='lat' dir='ltr'><strong>scriptis</strong></span> <span class='ocrx_word' id='word_1_291' title='bbox 1476 1857 1588 1891; x_wconf 84' lang='lat' dir='ltr'><strong>neque</strong></span> <span class='ocrx_word' id='word_1_292' title='bbox 1604 1847 1711 1880; x_wconf 76' lang='lat' dir='ltr'><strong>editis</strong></span> 
     </span>
     <span class='ocr_line' id='line_1_31' title="bbox 243 1891 1710 1934; baseline -0.001 -9"><span class='ocrx_word' id='word_1_293' title='bbox 243 1893 476 1934; x_wconf 82' lang='lat' dir='ltr'><strong>reperiuntur.</strong></span> <span class='ocrx_word' id='word_1_294' title='bbox 523 1893 603 1924; x_wconf 90' lang='lat' dir='ltr'><strong>Vet.</strong></span> <span class='ocrx_word' id='word_1_295' title='bbox 620 1902 696 1924; x_wconf 88' lang='lat' dir='ltr'><strong>cnm</strong></span> <span class='ocrx_word' id='word_1_296' title='bbox 721 1892 895 1924; x_wconf 87' lang='lat' dir='ltr'><strong>nonnullis</strong></span> <span class='ocrx_word' id='word_1_297' title='bbox 922 1891 1024 1925; x_wconf 85' lang='lat' dir='ltr'><strong>codd.</strong></span> <span class='ocrx_word' id='word_1_298' title='bbox 1040 1902 1109 1933; x_wconf 82' lang='lat' dir='ltr'><strong>uqae</strong></span> <span class='ocrx_word' id='word_1_299' title='bbox 1130 1895 1191 1930; x_wconf 79' lang='lat' dir='ltr'><strong>ut,·</strong></span> <span class='ocrx_word' id='word_1_300' title='bbox 1217 1892 1336 1924; x_wconf 83' lang='lat' dir='ltr'><strong>eadem</strong></span> <span class='ocrx_word' id='word_1_301' title='bbox 1359 1891 1570 1924; x_wconf 82' lang='lat' dir='ltr'><strong>amaritudine</strong></span> <span class='ocrx_word' id='word_1_302' title='bbox 1590 1892 1710 1925; x_wconf 75' lang='lat' dir='ltr'><strong>deside-</strong></span> 
     </span>
    </p>

    <p class='ocr_par' dir='ltr' id='par_1_9' title="bbox 242 1935 1192 1979">
     <span class='ocr_line' id='line_1_32' title="bbox 242 1935 1192 1979; baseline -0.001 -10"><span class='ocrx_word' id='word_1_303' title='bbox 242 1936 336 1979; x_wconf 86' lang='lat' dir='ltr'><strong>rium,</strong></span> <span class='ocrx_word' id='word_1_304' title='bbox 352 1936 444 1979; x_wconf 91' lang='lat' dir='ltr'><strong>quod</strong></span> <span class='ocrx_word' id='word_1_305' title='bbox 458 1935 562 1968; x_wconf 87' lang='lat' dir='ltr'><strong>etiam</strong></span> <span class='ocrx_word' id='word_1_306' title='bbox 578 1936 760 1968; x_wconf 86' lang='lat' dir='ltr'><strong>Vorstius&#39;</strong></span> <span class='ocrx_word' id='word_1_307' title='bbox 752 1946 787 1967; x_wconf 86' lang='grc' dir='ltr'><strong>ιιι</strong></span> <span class='ocrx_word' id='word_1_308' title='bbox 800 1936 869 1968; x_wconf 87' lang='lat' dir='ltr'><strong>suis</strong></span> <span class='ocrx_word' id='word_1_309' title='bbox 885 1935 985 1968; x_wconf 87' lang='lat' dir='ltr'><strong>codd.</strong></span> <span class='ocrx_word' id='word_1_310' title='bbox 1001 1936 1192 1968; x_wconf 85' lang='lat' dir='ltr'><strong>invenerat.</strong></span> 
     </span>
    </p>
   </div>
   <div class='ocr_carea' id='block_1_7' title="bbox 408 2012 1509 2114">
    <p class='ocr_par' dir='ltr' id='par_1_10' title="bbox 408 2012 1509 2114">
     <span class='ocr_line' id='line_1_33' title="bbox 899 2012 1042 2045; baseline 0 0"><span class='ocrx_word' id='word_1_311' title='bbox 899 2012 1042 2045; x_wconf 84' lang='lat' dir='ltr'><strong>NOTAE</strong></span> 
     </span>
     <span class='ocr_line' id='line_1_34' title="bbox 408 2075 1509 2114; baseline -0.003 -3"><span class='ocrx_word' id='word_1_312' title='bbox 408 2076 428 2097; x_wconf 70' lang='lat'><strong>⁸*</strong></span> <span class='ocrx_word' id='word_1_313' title='bbox 450 2077 516 2111; x_wconf 89' lang='lat' dir='ltr'><strong>An.</strong></span> <span class='ocrx_word' id='word_1_314' title='bbox 532 2078 584 2111; x_wconf 90' lang='lat' dir='ltr'><strong>M.</strong></span> <span class='ocrx_word' id='word_1_315' title='bbox 600 2081 698 2114; x_wconf 79' lang='lat'><strong>3851.</strong></span> <span class='ocrx_word' id='word_1_316' title='bbox 731 2079 790 2113; x_wconf 89' lang='lat' dir='ltr'><strong>Ol.</strong></span> <span class='ocrx_word' id='word_1_317' title='bbox 814 2082 890 2113; x_wconf 80' lang='lat'><strong>144.</strong></span> <span class='ocrx_word' id='word_1_318' title='bbox 916 2082 948 2113; x_wconf 84' lang='lat'><strong>2.</strong></span> <span class='ocrx_word' id='word_1_319' title='bbox 986 2078 1072 2113; x_wconf 84' lang='lat' dir='ltr'><strong>Urb.</strong></span> <span class='ocrx_word' id='word_1_320' title='bbox 1089 2077 1129 2111; x_wconf 78' lang='lat' dir='ltr'><strong>C.</strong></span> <span class='ocrx_word' id='word_1_321' title='bbox 1144 2080 1219 2110; x_wconf 89' lang='grc'><strong>550.</strong></span> <span class='ocrx_word' id='word_1_322' title='bbox 1256 2076 1341 2110; x_wconf 88' lang='lat' dir='ltr'><strong>Ant.</strong></span> <span class='ocrx_word' id='word_1_323' title='bbox 1357 2075 1419 2110; x_wconf 87' lang='lat' dir='ltr'><strong>ch.</strong></span> <span class='ocrx_word' id='word_1_324' title='bbox 1433 2078 1509 2110; x_wconf 79' lang='lat'><strong>202.</strong></span> 
     </span>
    </p>
   </div>
  </div>
 </body>
</html>
