1878 3132
284 152 372 196 824
686 168 898 203 VALERn
931 169 1126 203 MAX1M1
1162 173 1258 204 mu.
1289 174 1364 206 ix.

342 263 385 307 4.
416 261 496 306 Cn.
533 263 762 309 Domitius
801 267 855 311 L.
891 268 1091 312 Crassom
1121 270 1309 325 collegae
1348 285 1433 314 suo
1468 272 1755 320 altercatione

283 334 381 376 orta
400 332 580 390 objecit,
604 335 726 390 quod
747 337 979 381 columnas
1011 338 1302 394 Hymettias¹¹
1332 341 1378 383 in
1397 342 1576 396 porticu
1593 343 1754 388 domus

280 400 477 446 haberet.
539 402 690 457 Quem
726 406 941 453 continuo
982 405 1193 459 CrassuS,
1225 409 1407 463 ‘quanti
1442 410 1540 465 ipse
1574 411 1754 459 domum

283 482 414 513 suam
464 471 731 526 aestimaret,’
779 474 1120 529 interrogavit.¹⁶
1176 474 1329 532 Atque
1379 482 1472 521 ut¹⁷
1512 480 1754 536 respondit,

281 540 295 560 ‘
317 541 526 595 sexagies
547 543 754 585 sestertio
768 557 779 586 ε
792 542 804 559 ’
835 546 849 565 ‘
871 542 1056 595 Quanto
1074 543 1108 569 ¹⁸
1127 558 1234 600 ergo
1254 546 1382 598 eam,’
1401 547 1559 604 inquit,
1581 552 1595 572 ‘
1610 549 1755 592 mino-

279 607 343 651 ris
371 608 464 652 fore
495 611 743 664 existimas,
774 613 813 655 si
849 612 1006 656 decem
1043 615 1311 658 arbusculas
1341 616 1448 659 inde
1479 617 1710 661 succidero
1720 617 1756 660 ‘t'

279 678 294 698 ‘
314 676 426 732 Ipso
471 679 628 722 tricies
672 680 912 733 sestertio,’
951 682 1015 726 ait
1055 682 1302 725 Domitius.
1360 684 1488 728 Tunc
1532 685 1754 731 Crassusz

281 749 294 770 ⁴
316 744 429 789 Uter
457 747 618 802 igitur⁰
645 749 921 793 luxuriosior
940 751 1045 794 est‘t
1094 750 1267 805 Egone,
1296 751 1372 806 qui
1402 752 1555 805 decem
1582 753 1755 796 colum·

279 828 364 857 nas
395 821 572 859 centum
600 818 801 861 millibus
834 832 1060 862 nummum
1081 820 1200 862 emi:
1231 834 1288 863 an
1321 825 1384 874 tu,
1405 821 1483 876 qui
1510 821 1667 864 decem
1685 834 1755 864 ar-

278 885 563 928 buscularum
577 888 780 930 umbram
792 888 941 930 tricies
954 889 1208 930 sestertium
1223 902 1397 932 summa
1410 902 1678 944 compensas
1689 889 1724 933 ‘1’
1733 894 1755 915 ¹·

280 953 539 997 Sermonem
565 956 750 1000 oblitum
778 957 970 1013 Pyrrhi,¹'
999 950 1303 1000 immemorem
1334 958 1755 1015 Hannibalisjttm-

280 1036 371 1078 que
391 1026 779 1068 transmarinorum
805 1027 1137 1082 stipendiorum
1167 1027 1440 1070 abundantia
1468 1027 1752 1073 oscitantem:

281 1092 513 1149 aliquanto
536 1100 687 1138 tamen
716 1096 1043 1152 insequentium
1077 1097 1346 1140 saeculorum
1377 1096 1589 1139 aedificiis
1612 1102 1661 1139 et
1678 1109 1755 1140 ne-

886 1219 1130 1232 eeeeeeeeeeee

280 1295 421 1339 uffectio.
457 1298 529 1330 Pro
543 1298 744 1331 curiosiorem
760 1298 841 1331 Par.
858 1301 888 1330 1.
902 1297 1224 1331 studiosiorem—16
1246 1296 1355 1330 Codd.
1370 1297 1542 1340 quinque:
1570 1297 1672 1335 Qum
1684 1307 1756 1331 eun

280 1340 438 1383 continuo,
454 1343 507 1382 &a
529 1341 744 1382 interrogaret
751 1353 764 1380 ;
788 1342 958 1385 quomodo
982 1342 1016 1373 in
1042 1341 1121 1374 edd.
1138 1346 1221 1374 ante
1236 1341 1425 1384 Pigh.—17
1448 1341 1556 1383 Atque
1568 1340 1621 1372 ubi
1637 1341 1753 1374 Bitur.

283 1387 315 1416 l.
334 1384 428 1416 >Mox
445 1385 619 1417 Meursius
642 1385 732 1427 conj.
754 1385 926 1418 sexcenties
945 1385 1190 1417 sestertia—18
1217 1385 1287 1422 Quo
1309 1394 1434 1416 novem
1451 1383 1554 1417 codd.
1577 1389 1614 1416 et
1637 1394 1755 1417 omnes

281 1427 361 1460 edd.
379 1428 502 1470 Pighio
517 1429 662 1470 priores.
709 1430 836 1466 Quanto
850 1439 893 1461 ex
911 1429 1040 1461 Canen.
1057 1428 1237 1470 rescripsit
1250 1428 1404 1470 Pighius.
1448 1429 1458 1446 ‘
1471 1427 1610 1462 Deinde
1626 1428 1753 1470 Copes.

281 1472 411 1504 omittit
433 1471 472 1504 τὸ
494 1472 564 1510 ait,·
584 1478 620 1505 et
645 1473 750 1514 inquit
777 1472 875 1514 ponit
898 1475 978 1514 post
1001 1473 1143 1504 Crassus.
1190 1472 1294 1504 Forte
1310 1475 1494 1513 utrumque
1508 1471 1629 1503 melius
1644 1471 1756 1507 abest.

281 1515 393 1547 Porro
409 1516 533 1558 Copes.
547 1520 656 1549 contra
672 1516 779 1548 tricies
791 1517 972 1549 sestertium
985 1525 1157 1548 summam.-
1180 1520 1277 1548 certe
1292 1516 1432 1556 vulgata
1446 1515 1550 1552 lectio
1561 1513 1688 1548 nullius
1699 1520 1756 1548 est

282 1559 398 1601 pretii,
414 1565 452 1592 et
466 1559 650 1592 manifesto
665 1564 840 1602 corrupta.
889 1560 1027 1601 Nempe
1042 1559 1222 1592 sestertium
1243 1559 1383 1601 ponitur
1404 1558 1502 1601 quasi
1525 1562 1618 1590 esset
1633 1558 1758 1600 geniti-

281 1612 356 1644 vus,
369 1614 445 1635 cum
462 1604 526 1635 hoc
544 1603 645 1636 modo
661 1603 859 1645 legendum,
873 1607 912 1635 ut
928 1604 1045 1635 multis
1059 1603 1148 1635 hanc
1163 1603 1373 1635 locutionem
1385 1601 1533 1635 asseruit
1548 1601 1754 1636 Gronovius.

280 1646 349 1679 Sed
365 1651 480 1679 tamen
497 1657 615 1680 omnes
631 1647 733 1683 codd.
749 1647 878 1680 habent
890 1647 1083 1688 sestertium,
1094 1646 1183 1689 quod
1199 1645 1356 1688 profecto
1367 1645 1448 1678 mihi
1463 1645 1602 1678 videtur
1616 1655 1756 1678 causam

283 1690 435 1731 dedisse,
463 1696 501 1723 ut
524 1691 657 1723 librarii
685 1690 857 1724 adderent
878 1700 1042 1730 summam,
1072 1690 1163 1733 quod
1190 1700 1234 1722 ex
1259 1690 1374 1732 glossa
1400 1694 1511 1722 ortum
1535 1698 1611 1721 esse
1637 1689 1757 1730 credo,

278 1734 556 1777 legendumque:
580 1738 691 1767 contra
710 1734 819 1767 tricies
831 1734 1011 1767 sestertium
1026 1744 1221 1776 compensas.-
1243 1734 1423 1766 sestertium
1445 1742 1487 1765 eo
1512 1732 1622 1774 magis
1645 1732 1756 1765 credi-

281 1778 408 1811 derunt
420 1788 495 1811 esse
510 1779 712 1820 genitivum,
724 1779 883 1821 quoniam
897 1778 1078 1820 praecessit
1090 1787 1249 1810 nummum
1259 1777 1293 1809 in
1304 1775 1480 1819 genitivo-⁹
1493 1776 1641 1808 Perizon.
1656 1776 1755 1810 Leid.

282 1822 383 1864 prim.
399 1822 484 1854 circa
495 1822 604 1854 tricies
613 1823 793 1855 sestertium
803 1831 979 1860 summam;
1002 1831 1079 1854 cum
1093 1821 1218 1861 Copes.
1234 1819 1320 1853 facit
1334 1820 1431 1852 Leid.
1447 1825 1536 1852 sext.
1548 1819 1608 1852 sed
1624 1819 1757 1861 Ultraj.

282 1865 383 1908 prim.
398 1866 508 1899 tricies
518 1866 664 1899 sestertio
675 1876 794 1899 summa
800 1876 813 1904 ,·
825 1865 953 1908 Ultraj.
964 1874 1035 1898 sec.
1047 1865 1155 1898 tricies
1161 1865 1339 1897 sestertium
1348 1873 1511 1896 summam.
1535 1862 1672 1906 Reliqui
1683 1863 1756 1896 vul-

945 1977 1092 2011 NOTAE

325 2060 350 2077 ¹¹
375 2055 436 2088 Cn.
457 2055 621 2088 Domitius
650 2055 689 2089 L.
723 2056 853 2098 Crasso]
877 2055 992 2088 Ambo
1046 2054 1201 2096 obvenit,
1215 2053 1360 2086 comiter
1371 2052 1546 2085 habitem:
1571 2062 1615 2086 an
1631 2058 1683 2095 tu,
1697 2052 1757 2096 qui

283 2107 451 2140 Censores
496 2111 616 2147 erant;
653 2107 828 2139 Domitius
867 2111 992 2138 natura
1048 2106 1138 2139 tanti
1155 2115 1216 2137 sex
1232 2105 1372 2137 arbores
1398 2104 1561 2137 aestimes.
1606 2105 1667 2136 Eae
1682 2103 1758 2145 fue7

280 2159 484 2198 vehemens3
505 2158 649 2190 Crassus
666 2167 748 2190 vero
763 2157 899 2190 facetus
916 2157 992 2190 Col·
1049 2163 1130 2191 runt
1151 2158 1214 2190 loti
1236 2158 1379 2199 parvula
1394 2166 1564 2189 ramorum
1579 2157 1759 2199 opacitate

279 2212 395 2253 legam
412 2219 507 2252 saepe
516 2210 610 2251 jocis
624 2210 847 2251 perstrinxit,
859 2213 897 2241 ut
912 2218 993 2241 auc·
1049 2210 1204 2251 lascivae,
1217 2219 1293 2252 quae
1310 2209 1479 2241 durarunt
1494 2218 1602 2251 usque
1618 2208 1661 2240 ad
1686 2208 1758 2241 Ne-

285 2266 341 2294 tor
364 2265 418 2294 est
434 2261 557 2294 Cicero
573 2260 617 2292 de
628 2261 731 2293 Orat.
747 2260 806 2293 lib.
821 2270 862 2293 ιι.
1047 2261 1142 2293 tonis
1157 2259 1332 2300 incendia,
1353 2258 1477 2301 quibus
1504 2258 1672 2291 cremavit
1698 2267 1757 2291 ur·

325 2318 343 2335 ¹¹
367 2314 535 2346 Columnas
550 2312 752 2355 Hymettias]
775 2311 911 2344 Primus
934 2312 992 2344 ille
1049 2312 1141 2354 bem,
1155 2312 1251 2345 cultu
1267 2310 1407 2351 virides,
1409 2309 1652 2352 juvenesque!

281 2364 458 2408 peregrini
476 2363 656 2396 marmoris
669 2364 844 2396 columnas
860 2374 920 2396 sex
934 2364 992 2396 ha-
1092 2363 1111 2383 '¹‘
1134 2363 1203 2396 An.
1214 2364 1265 2395 Μ.
1280 2365 1379 2396 3962.
1395 2361 1453 2394 01.
1469 2363 1546 2394 172.
1570 2364 1601 2393 1.
1615 2360 1702 2394 Urb‘.
1714 2360 1755 2394 C.

283 2418 361 2450 buit
376 2417 496 2457 longas
513 2413 710 2447 duodenum
727 2414 853 2456 pedum
869 2425 877 2446 τ
903 2415 992 2446 unde
1047 2418 1125 2448 661.
1142 2415 1224 2448 Ant.
1236 2414 1298 2447 ch.
1310 2416 1366 2446 91.

282 2469 377 2500 illum
407 2468 459 2499 M.
485 2467 615 2499 Brutus
642 2466 836 2498 ‘Venerem
861 2465 992 2498 Palati·
1089 2472 1106 2493 Ρ
1136 2466 1318 2499 Sermonem
1355 2464 1486 2497 oblitum
1518 2463 1653 2507 Pyrrhi]
1686 2463 1757 2496 Ubi

283 2518 374 2552 nam’
387 2518 588 2560 appellavit.
1044 2527 1187 2549 munera
1212 2527 1274 2549 sua
1304 2527 1325 2548 a
1364 2515 1530 2548 Romanis
1567 2515 1756 2557 repudiata

326 2576 341 2592 ⁰
368 2571 448 2603 Uter
463 2568 582 2610 igitur]
607 2569 719 2601 Paulo
731 2569 833 2601 aliter
855 2569 989 2602 Plinius
1044 2568 1200 2610 Pyrrhus
1216 2566 1471 2608 andiit,dixisse
1487 2565 1612 2608 fertur,
1626 2567 1757 2599 nullam

281 2624 340 2656 lib.
355 2632 450 2655 xvu.
472 2623 481 2640 ⁴
493 2622 664 2667 Utrumne
682 2621 786 2662 igitur
808 2631 872 2662 ego
889 2620 989 2661 sum‚’
1043 2619 1225 2662 capiendae
1243 2621 1360 2652 Romae
1378 2628 1475 2660 spem
1500 2627 1573 2650 esse
1591 2629 1601 2658 ;
1623 2618 1757 2650 Hanni·

280 2676 407 2718 inquit,
418 2675 427 2691 ‘
441 2683 559 2716 quaeso
581 2672 726 2712 Domiti,
741 2674 901 2714 exemplo
914 2683 990 2714 gra·
1044 2671 1100 2703 bal
1117 2680 1211 2708 vero,
1227 2670 1305 2712 capi
1334 2679 1401 2702 non
1427 2678 1542 2715 posse,
1557 2669 1753 2712 priusquam

283 2730 348 2767 vis,
376 2732 411 2758 et
433 2726 476 2758 ab
503 2725 581 2766 ipsa
610 2724 767 2756 Censura
795 2723 989 2755 notandus?
1043 2724 1125 2757 luxu
1141 2727 1338 2769 caperetur.

278 2780 335 2823 qui
364 2779 398 2811 in
429 2778 546 2819 domo,
575 2786 652 2820 quae
680 2775 762 2808 mihi
788 2775 989 2808 haereditati
