1878 3132
524 190 632 222 CAP.
656 189 723 221 Vl.
756 189 821 221 DE
853 188 1029 220 AMORE
1061 188 1363 221 OONJUGAM.
1597 177 1683 222 469

213 294 299 340 est,
319 302 456 345 quam
476 289 705 333 Hetruriae
728 288 890 332 civitas
910 287 1100 331 daretur.
1162 287 1436 331 Excellentis
1465 288 1513 330 in
1539 301 1595 332 ea
1613 301 1682 331 re-

212 359 346 412 gione
365 358 713 414 pulchritudinis
734 357 1002 400 adolescens
1022 357 1198 400 nomine
1211 357 1459 413 spurina,²4
1478 371 1579 400 cum
1598 358 1682 401 mi-

211 440 262 470 ra
280 418 434 483 specie
455 427 747 483 complurium
759 427 1035 470 foeminarum
1054 426 1290 469 illustrium
1310 426 1558 470 solicitaret
1575 439 1684 470 ocu-

211 495 294 548 los,
315 497 508 553 ideoque
526 497 636 539 viris
671 509 724 539 ac
755 495 1016 552 parentibus
1042 506 1193 538 earum
1215 508 1265 538 se
1289 500 1549 550 suspectum
1582 509 1682 539 esse

213 565 416 617 sentiret,
436 567 530 609 oris
553 566 755 608 decorem
779 564 1034 608 vulneribus
1055 564 1309 616 confudit,²⁵
1340 564 1685 607 deformitatem-

211 647 298 689 que
318 635 571 678 sanctitatis
592 648 688 677 suae
708 633 856 684 fidem,
891 646 1025 689 quam
1056 633 1244 676 sormam
1266 634 1582 677 irritamentum
1604 635 1686 676 ali-

211 715 309 745 enae
327 703 528 746 libidinis
548 716 649 746 esse
669 702 860 745 maluit!

270 773 316 815 2.
346 772 540 815 Athenis
568 773 750 828 quidam
785 772 958 815 ultimae
991 773 1249 825 senectutis,
1294 787 1395 815 cum
1432 778 1686 829 spectatum

212 841 345 884 ludos
365 841 413 883 in
432 841 653 884 theatrum
673 841 882 893 venisset,
905 854 1098 897 eumque
1118 855 1251 884 nemo
1273 856 1298 884 e
1318 843 1492 886 civibus
1513 855 1687 885 sessum

212 911 444 966 reciperet,
468 910 526 953 ad
545 909 995 953 Lacedaemoniorum
1015 911 1194 966 legatos
1210 912 1325 954 forte
1344 912 1564 968 pervenit.
1595 910 1688 963 Qui

211 979 400 1022 hominis
430 985 566 1022 aetate
586 976 708 1030 moti,
729 992 869 1022 canos
892 979 991 1035 ejus
1023 986 1068 1022 et
1101 993 1240 1022 annos
1261 981 1520 1036 assurgendi
1540 979 1687 1023 officio

212 1050 414 1092 venerati
433 1054 553 1100 sunt,
576 1049 813 1104 sedemque
843 1050 886 1091 ei
917 1050 1035 1093 inter
1064 1049 1190 1105 ipsos
1222 1050 1566 1092 honoratissimo
1586 1050 1688 1091 loco

213 1118 438 1162 dederunt.
500 1119 636 1172 Quod
657 1120 735 1161 ubi
756 1118 850 1161 fieri
870 1120 1066 1175 populus
1087 1119 1286 1174 aspexit,
1307 1121 1505 1162 maximo
1523 1119 1709 1174 plausu·

215 1188 372 1232 alienae
393 1190 518 1232 urbis
532 1188 846 1231 verecundiam
860 1188 1184 1243 comprobavit.
1218 1187 1385 1230 Ferunt
1397 1193 1501 1230 tunc
1515 1186 1688 1230 unum²⁶

214 1271 239 1300 e
261 1258 617 1302 Lacedaemoniis
638 1258 834 1300 dixisse:
866 1261 879 1279 ‘
893 1257 1010 1312 Ergo
1031 1257 1342 1308 Athenienses,
1375 1256 1484 1312 quid
1515 1258 1574 1299 sit
1593 1269 1688 1299 rec-

213 1332 323 1379 tum,
344 1327 520 1380 sciunt;
552 1328 630 1370 sed
650 1326 697 1368 id
718 1327 865 1369 facere
885 1326 1138 1381 negligunt.’

253 1458 269 1480 ¹⁵
291 1460 336 1491 Ee
354 1459 466 1491 maluit
478 1460 583 1492 vultus
604 1460 810 1500 deformitate
825 1462 939 1493 testari
953 1462 1113 1502 integram
1127 1470 1216 1493 suam
1229 1461 1420 1501 castitatem,
1442 1469 1535 1501 quam
1545 1457 1685 1501 pulchri-

213 1503 322 1536 tudine
338 1503 472 1535 aliorum
486 1504 647 1536 libidinem
660 1505 813 1537 excitare.

829 1581 849 1593 0

1031 1581 1072 1593 N

213 1646 362 1688 Spurium
378 1647 504 1688 Ultraj.
522 1650 641 1680 1.-25
666 1648 839 1680 Perizonii
853 1647 966 1680 codex
981 1647 1133 1687 confodit,
1158 1645 1251 1689 quod
1276 1645 1439 1677 exhibent
1464 1644 1570 1677 etiam
1589 1644 1690 1677 Harl.

214 1689 313 1722 Leid.
328 1692 359 1722 3.
375 1689 502 1731 Ultraj.
516 1693 546 1722 1.
561 1692 668 1723 ceteri
685 1691 786 1724 codd.
801 1691 1044 1731 confudit—26
1069 1691 1195 1732 Copes.
1213 1691 1393 1731 Feruntque
1408 1691 1440 1721 et
1453 1698 1550 1721 unum
1560 1698 1573 1720 .-
1591 1688 1689 1721 Leid.

213 1738 245 1766 5.
262 1732 384 1765 Ferunt
393 1734 490 1765 etiam
504 1743 598 1766 unum
610 1745 621 1767 .·
643 1735 743 1768 Harl.
757 1740 793 1768 et
805 1735 911 1767 Barb.
931 1739 960 1768 1.
979 1735 1158 1776 Feruntque
1173 1738 1247 1766 tunc
1263 1743 1369 1765 unum.

821 2012 959 2055 CAP.
991 2011 1078 2055 VI.

561 2137 648 2180 DE
685 2136 918 2181 AMORE
959 2134 1343 2180 CONJUGALI.

303 2259 409 2283 quvs
427 2259 604 2283 RxEMPLA
624 2260 718 2284 Rom.
734 2260 838 2284 SUNT.
1241 2259 1426 2283 EXTERNA.

240 2314 256 2343 1
281 2311 333 2342 Ti.
351 2311 528 2343 Gracchus
542 2311 667 2353 Major.

237 2357 258 2386 2
281 2354 320 2386 C.
336 2355 495 2387 Plautius
515 2355 677 2388 Numida.

237 2400 256 2429 3
281 2398 331 2429 Μ.
348 2398 516 2430 Plautius.

236 2444 257 2473 «1
280 2441 375 2474 Julia
392 2441 432 2474 C.
449 2442 487 2474 F.
506 2442 568 2474 Cn.
585 2442 717 2483 Magni.

237 2488 256 2515 5
282 2485 408 2517 Porcia
423 2486 474 2517 M.
492 2486 530 2518 F.
546 2486 596 2518 M.
612 2486 727 2518 Bruti.

1004 2331 1022 2359 l
1047 2325 1236 2359 Artemisia
1248 2324 1400 2357 Mausoli
1415 2323 1518 2366 regis.

1003 2374 1024 2403 2
1049 2370 1274 2412 Hipsicratea
1290 2367 1506 2400 Mithridatis
1523 2368 1628 2409 regis.

1001 2417 1020 2446 3
1045 2414 1203 2446 Lacaenae
1223 2413 1433 2454 Minyarum.

275 2583 318 2626 A
352 2596 567 2627 PLAcmo
602 2589 647 2628 et
677 2585 791 2628 leni¹
826 2585 993 2628 affectu
1025 2584 1084 2627 ad
1116 2595 1244 2638 aeque
1264 2581 1515 2633 honestum,
1537 2595 1690 2626 verum

823 2695 863 2707 N

258 2763 276 2792 l
301 2762 434 2794 Placido
449 2765 479 2794 et
495 2762 558 2794 leni
570 2762 693 2796 Leidd.
708 2767 745 2796 et
759 2763 884 2806 Ultraj.
898 2767 931 2796 2.
947 2763 1021 2795 sine
1035 2761 1282 2804 praepositione
1297 2771 1304 2791 :
1322 2759 1382 2792 levi
1396 2758 1491 2792 Harl.
1508 2763 1544 2792 et
1560 2760 1687 2803 copes.

215 2805 418 2837 attentionem
434 2806 540 2838 Barb.
558 2809 586 2838 1.
601 2808 734 2848 quadam
748 2808 945 2840 veneratione
961 2807 1060 2839 Leid.
1077 2810 1108 2838 5.
1133 2814 1248 2846 magna
1270 2803 1469 2837 veneratione
1487 2803 1584 2837 Leid.
1609 2807 1686 2838 6.-
