1878 3132
283 173 370 217 838
686 186 896 221 vAnEnn
931 190 1129 223 ΜΑΧιΜι
1161 193 1258 226 ms.
1289 193 1365 225 rx.

284 282 538 340 hosp-itales
558 287 700 340 Deos,
721 287 907 344 injusto,
923 290 1005 333 sed
1025 303 1114 333 non
1141 291 1285 335 inulto
1317 304 1477 336 cruore
1506 294 1718 351 respersit
1729 307 1762 340 z*

282 354 502 409 quoniam
525 369 627 400 cum
647 358 847 401 maximo
867 360 1083 412 cruciatu,
1105 374 1276 405 veneno
1295 367 1609 419 repugnantem
1622 369 1642 388 ⁶
1669 365 1763 421 spi·

282 422 414 466 ritum
447 436 577 469 suum
596 427 779 470 tandem
803 430 1098 472 succumbere
1120 429 1298 486 coegit:
1330 431 1552 489 simulque
1578 433 1764 489 piacula

282 494 495 538 crucibus
507 502 542 529 ³⁷
555 502 574 529 Ρ
602 497 694 540 illis
722 497 866 549 dedit,
894 498 1059 553 quibus
1081 500 1251 543 amieos
1270 513 1376 544 suos
1396 506 1586 545 auctore
1606 501 1763 548 Gauro

279 562 484 618 spadone
501 564 773 609 libidinosus
793 566 1029 622 obsequio,
1051 568 1272 611 scelestus
1293 569 1480 626 imperio
1500 571 1745 616 affecerat*

338 633 383 675 4.
414 629 769 678 Numulizinthis
782 635 817 667 ³⁸
846 636 1091 692 Diogiridis
1109 638 1191 681 filii
1210 639 1417 684 Thraciae
1438 641 1555 697 regis
1575 642 1663 686 etsi
1680 642 1765 685 mi-

280 715 367 745 nus
385 704 695 748 admirabilem
718 706 1025 750 crudelitatem
1044 709 1191 763 gentis
1212 710 1360 765 ipsius
1386 710 1562 763 feritaS,
1581 723 1762 755 narran—

279 771 387 815 dam
408 777 557 816 tamen
578 774 725 817 rabies
747 776 941 818 saevitiae
972 776 1111 820 facit:
1142 778 1220 821 cui
1240 792 1385 836 neque
1406 781 1538 824 vivos
1557 779 1763 824 homiues

281 842 456 885 medios
473 857 644 898 secare,
659 858 806 901 neque
822 849 1030 902 parentes
1049 847 1287 891 liberorum
1301 850 1429 893 vesci
1442 853 1478 884 ³⁹
1496 851 1764 908 oon-poribus

282 911 409 954 nefas
429 911 531 955 suit.

903 995 940 1008 00
944 995 1040 1008 '0000
1044 996 1142 1008 OOOOO

282 1056 384 1090 Harl.
406 1058 665 1101 dispo-sos—-a'l
688 1060 699 1078 ‘
714 1060 849 1093 Durum
870 1061 995 1104 Pighio
1012 1061 1151 1095 videtur
1165 1063 1287 1107 afficere
1300 1062 1444 1096 crucibus
1453 1073 1466 1101 ‚·
1486 1062 1634 1106 ideoque
1649 1062 1763 1106 conji-

282 1101 333 1134 cit
347 1103 506 1146 qffixerat.
552 1103 622 1136 Sed
644 1104 747 1137 aliter
763 1106 1032 1139 succurrendum
1048 1116 1125 1140 esse
1140 1107 1219 1139 huic
1236 1107 1314 1139 loco
1329 1108 1433 1140 docet
1449 1107 1516 1140 Ms.
1527 1107 1678 1150 legendo
1691 1117 1764 1141 cru-

280 1146 438 1178 ciatibus!
461 1147 622 1180 Perizon.
669 1149 678 1166 ‘
690 1148 730 1181 In
747 1150 839 1182 notis
853 1150 968 1192 Pighii
985 1151 1049 1183 boc
1064 1161 1132 1184 non
1154 1151 1303 1193 reperio,
1319 1151 1379 1184 sed
1392 1151 1499 1184 credo
1522 1151 1571 1184 ita
1580 1151 1762 1194 judicasse

283 1191 337 1222 Cl.
354 1191 585 1233 Perizonium‚
602 1192 682 1235 quia
705 1193 738 1225 in
761 1194 917 1235 margine
939 1195 1083 1237 Pighius
1098 1195 1271 1237 ascripsit,
1293 1195 1304 1212 ‘
1317 1195 1358 1228 F.
1374 1195 1560 1239 Affixerat!
1582 1196 1617 1228 in
1637 1194 1762 1228 codice

280 1243 343 1266 suo
358 1239 542 1268 notaverat
556 1237 661 1268 etiam
676 1237 879 1270 Perizonius
898 1239 908 1257 ‘
921 1249 1006 1271 crux
1017 1238 1025 1252 ’
1048 1249 1111 1281 pro
1122 1240 1215 1272 omni
1228 1244 1404 1273 tormento
1415 1240 1550 1272 Seneca
1560 1238 1606 1272 de
1617 1239 1762 1273 Provid.

283 1289 312 1310 c.
325 1281 356 1311 3.
369 1289 448 1312 curn
463 1290 530 1322 quo
547 1279 667 1313 confer
682 1282 774 1314 Flor.
788 1291 829 1315 11.
846 1285 878 1315 2.
895 1287 931 1315 et
945 1287 1080 1325 postea,
1095 1283 1167 1316 Cic.
1178 1284 1279 1316 Verr.
1293 1286 1367 1317 ιθ.
1388 1283 1399 1300 ⁴
1411 1283 1498 1316 Cum
1519 1283 1613 1317 cives
1634 1283 1763 1317 Roma-

281 1331 345 1355 nos
368 1330 494 1366 morte,
519 1325 691 1367 cruciatu,
708 1335 812 1358 eruce
827 1325 1006 1360 affecerit!
1027 1327 1148 1360 Front.
1165 1336 1216 1360 Π.
1233 1330 1266 1360 7.
1282 1330 1337 1360 24.
1384 1328 1549 1360 ceterum
1569 1327 1765 1361 mciaetibu

281 1376 395 1410 neque
412 1378 475 1408 ego
499 1368 533 1400 in
555 1369 624 1401 ullo
638 1369 770 1411 inveni,
786 1380 899 1413 neque
920 1371 964 1403 ab
981 1371 1054 1403 aliis
1071 1376 1276 1404 annotatum
1294 1370 1421 1404 video.'
1445 1372 1576 1405 Turres.
1620 1372 1763 1405 Deinde

283 1411 416 1454 aliquot
431 1413 517 1445 Mss.
533 1413 644 1455 quibus
658 1415 728 1446 illos
741 1414 856 1447 amicos
868 1425 962 1454 επακ
986 1415 1077 1458 quod
1091 1421 1144 1448 est
1159 1415 1192 1447 in
1210 1415 1359 1458 vulgatis
1373 1419 1455 1448 ante
1471 1415 1646 1458 Pigbium.
1662 1415 1763 1449 Leid.

281 1456 380 1498 prim.
397 1456 441 1488 G.
451 1456 635 1498 Sarpedone
642 1469 656 1496 ;
679 1458 776 1491 Leid.
795 1463 877 1492 tert.
894 1459 994 1492 Gar-io
1008 1461 1169 1502 spadone,·
1194 1459 1292 1492 Leid.
1306 1465 1420 1503 quart.
1437 1459 1555 1492 Gadis».
1567 1461 1655 1503 Cop.
1673 1459 1763 1492 Gau-

281 1503 419 1533 ro.—38
442 1501 532 1533 Edd.
551 1506 638 1534 vett.
661 1506 698 1534 et
723 1512 810 1534 unus
827 1503 959 1537 Brand.
977 1503 1114 1536 cisienis
1136 1509 1172 1536 et
1197 1504 1350 1547 Cysenis;
1374 1503 1516 1546 Guyeto
1539 1502 1762 1537 scribendum

281 1544 433 1585 videtur,
462 1546 753 1579 Numilizinthidis.
813 1548 822 1565 ‘
838 1548 946 1579 Forte
974 1547 1158 1590 legendum
1188 1547 1431 1580 Numilizinthis
1460 1547 1650 1589 Dion‘gidio
1675 1546 1762 1590 filia·

286 1587 434 1621 'Thracia’
450 1589 551 1630 Regis
566 1590 606 1623 F.
622 1590 656 1622 id
670 1591 850 1634 est,filius.·
875 1591 924 1624 sic
940 1590 1031 1623 infra
1048 1601 1101 1624 1x.
1117 1594 1169 1624 11.
1194 1593 1276 1625 Ext.
1290 1595 1323 1624 2.
1339 1601 1407 1624 11011
1429 1591 1550 1634 inepte
1570 1591 1764 1634 conjiciunt

282 1633 347 1665 viri
365 1633 462 1666 docti
474 1634 656 1676 legendnm
672 1635 876 1668 Mithridatis
890 1639 997 1668 autem
1013 1636 1054 1668 F.
1071 1635 1106 1668 id
1119 1641 1184 1677 est,
1201 1636 1319 1679 filius!
1345 1635 1505 1669 Perizou.
1548 1635 1647 1670 Leid.
1660 1635 1762 1677 prim.

288 1677 556 1717 Numolisinthis3
574 1678 672 1711 Harl.
686 1679 969 1712 Nummutissantis
978 1691 991 1718 ‚·
1007 1679 1119 1713 Paris.
1135 1680 1235 1722 prim.
1254 1681 1323 1712 Nec
1332 1680 1439 1712 minus
1451 1679 1620 1722 Diogridis
1629 1690 1643 1718 ‚·
1653 1678 1762 1712 Barb-

280 1721 383 1764 prim.
407 1723 459 1754 Ne
474 1723 576 1755 minus
591 1723 762 1764 Diogridis
771 1735 784 1763 ;
810 1724 936 1766 Ultraj.
950 1733 1019 1756 sec.
1035 1728 1072 1757 et
1087 1725 1183 1766 Mog.
1208 1725 1282 1757 Non
1299 1724 1403 1756 minus
1416 1724 1601 1764 Diogiridis
1611 1734 1628 1763 ,·
1647 1723 1761 1757 Paris.

283 1776 353 1799 sec.
379 1766 528 1805 Zisenis;
559 1767 632 1799 Bit.
657 1768 758 1809 prim.
775 1768 924 1806 Disenis;
947 1768 1043 1801 Leid.
1061 1769 1172 1811 quint.
1198 1767 1332 1801 Tisenis.
1356 1768 1367 1786 ‘
1381 1769 1450 1801 Pro
1463 1768 1551 1810 filia
1571 1769 1606 1800 in
1624 1771 1762 1801 textum

284 1811 403 1852 recepi
418 1810 479 1842 filii
496 1815 608 1843 motus
624 1812 833 1844 auctoritate
848 1812 972 1854 Copes.
988 1812 1088 1844 unius
1104 1812 1234 1845 Brand.
1250 1813 1363 1845 Bitur.
1379 1815 1410 1845 1.
1426 1812 1551 1855 Ultraj.
1570 1815 1600 1845 1.
1614 1811 1714 1845 Leid.
1729 1815 1763 1845 5.

284 1860 321 1887 et
337 1855 421 1888 Vet.
439 1865 502 1887 nec
517 1865 585 1887 non
603 1856 683 1897 quia
708 1856 966 1888 Numulizinthes
981 1856 1080 1888 virile
1102 1866 1228 1889 nomen
1246 1861 1314 1897 est,
1336 1859 1376 1888 ut
1388 1855 1500 1888 forma
1516 1855 1592 1898 ejus
1609 1854 1764 1898 praefert.

284 1899 369 1931 Tum
395 1900 422 1931 si
448 1899 524 1932 liaec
545 1905 663 1932 essent
679 1910 699 1932 a
714 1898 857 1932 foemina
873 1904 1021 1942 patrata,
1036 1899 1127 1932 haud
1144 1900 1249 1932 dubie
1266 1900 1367 1933 aliter
1382 1900 1520 1932 locutus
1542 1904 1648 1939 esset,
1661 1898 1765 1942 Regi·

280 1953 359 1975 nam
371 1947 543 1984 vocasset,
559 1948 595 1976 et
613 1944 661 1976 rei
677 1944 921 1986 indignitatem
936 1945 1105 1985 auxisset,
1114 1944 1206 1987 quod
1224 1944 1309 1976 talia
1319 1953 1341 1976 a
1356 1943 1498 1976 foemina
1513 1946 1762 1985 μεῖναι-θηταῖς

284 1987 335 2019 uti
349 1987 490 2030 egregie
506 1987 639 2020 monuit
654 1988 866 2021 Perizonius.
895 1988 1058 2021 Ceterum
1075 1998 1152 2020 cum
1165 1988 1333 2021 Torrenio
1349 1988 1468 2030 credo,
1484 1987 1586 2020 altius
1602 1987 1764 2020 mondum

283 2032 407 2072 latere,
423 2036 459 2064 et
474 2033 620 2064 eundem
636 2032 727 2065 hunc
743 2042 832 2073 esse,
846 2033 905 2076 qui
922 2032 1051 2065 dicitur
1068 2030 1245 2074 Ζιβέλμιος,
1263 2033 1316 2064 vel
1340 2030 1504 2073 Ζισέλμιος
1516 2030 1689 2073 Amemus
1700 2029 1765 2067 υἷὸς

287 2086 308 2108 a
337 2076 442 2108 Diod.
469 2076 588 2109 Siculo
613 2076 647 2108 iu
675 2078 844 2119 Excerpt.
879 2076 1032 2110 Peiresc.
1057 2087 1092 2120 p.
1123 2076 1213 2110 375!
1235 2077 1433 2119 Kapp.-39
1457 2077 1570 2109 Notat
1600 2075 1704 2116 Pigh.
1725 2075 1763 2115 in

286 2130 396 2163 marg.
421 2121 586 2164 quosdam
609 2120 711 2154 codd.
728 2131 792 2164 pro
812 2121 893 2154 vesci
913 2120 1042 2154 habere
1064 2121 1165 2164 pasci,
1188 2120 1281 2164 quod
1304 2130 1472 2164 nusquam
1485 2119 1622 2154 invenit
1635 2119 1763 2153 Torre-

948 2203 1095 2237 NOTAE

331 2269 351 2289 *
373 2268 442 2302 An.
457 2270 510 2303 Μ.
529 2272 628 2302 3966.
669 2269 728 2303 01.
745 2272 821 2303 173.
840 2272 871 2302 l.
909 2269 998 2303 Urb.

288 2322 330 2355 C.
344 2325 422 2355 665.
460 2321 542 2355 Ant.
559 2322 622 2355 Ch.
638 2325 693 2354 87.

330 2379 346 2396 ⁰
374 2374 498 2408 Veneno
525 2375 769 2417 repugnantem]
804 2374 881 2406 Duo
917 2384 998 2407 con·

287 2430 383 2459 stant
398 2426 490 2468 apud
503 2430 664 2459 auctores
680 2424 723 2458 de
736 2430 848 2458 morte
861 2425 1000 2457 Mithri-

290 2479 406 2520 datis;
436 2488 553 2521 unum,
574 2488 667 2520 eum,
690 2482 873 2520 postquam
891 2476 999 2509 Phar-

289 2540 396 2564 naces
423 2530 515 2563 filius
542 2530 586 2562 ab
607 2529 766 2562 exercitu
780 2529 856 2561 Rex
871 2529 998 2562 saluta-

291 2588 346 2616 tus
377 2587 443 2623 est,
466 2592 634 2615 venenum
664 2582 811 2614 bibisse:
838 2581 999 2623 alterum,

289 2645 369 2668 cum
400 2635 456 2667 vel
485 2634 569 2666 nihil
600 2634 654 2666 vel
689 2634 816 2666 lentius
845 2638 1001 2673 noceret,

291 2687 383 2730 quod
413 2691 506 2720 esset
534 2697 555 2719 a
585 2695 695 2728 puero
726 2689 879 2718 tutorum
905 2689 1000 2717 metu

291 2738 452 2770 bibendis
483 2737 625 2771 venenis
665 2741 839 2778 assuetus,
869 2736 880 2754 ‘
911 2737 1002 2770 male

292 2793 467 2822 tentatum
500 2798 634 2822 veneno
671 2788 857 2831 spiritum‚’
891 2788 1002 2831 inquit

294 2841 429 2883 Florus,
452 2841 462 2858 ‘
479 2840 572 2873 ferro
596 2840 796 2883 expulisse?
842 2839 895 2872 Au
921 2849 1001 2872 vero

1053 2280 1128 2313 sua,
1151 2280 1193 2302 an
1210 2270 1322 2303 aliena
1337 2279 1442 2302 manu
1457 2267 1637 2311 ceciderit,
1651 2266 1764 2300 ineer-

1054 2327 1126 2355 tum
1143 2327 1224 2355 est:
1250 2333 1270 2355 a
1293 2321 1431 2355 Bituito
1458 2320 1575 2358 Gallo,
1598 2329 1642 2353 ex
1658 2317 1763 2352 Floro

1052 2379 1090 2407 et
1122 2374 1264 2408 Aurelio
1294 2374 1464 2413 Victore;
1496 2383 1517 2404 a
1543 2381 1580 2404 se
1609 2371 1698 2414 ipso,
1719 2379 1764 2403 ex

1053 2427 1171 2460 Gellio
1187 2432 1224 2460 et
1239 2427 1367 2469 Dione,
1383 2424 1497 2469 gladio
1511 2421 1693 2457 confossus
1706 2431 1764 2455 oc-

1052 2477 1188 2511 cubuit.
1349 2477 1354 2481 “

1096 2534 1113 2556 1’
1139 2529 1306 2571 Crucibus]
1346 2529 1426 2561 Non
1457 2527 1492 2559 in
1522 2525 1651 2559 amieos
1689 2529 1764 2559 tau-

1054 2585 1140 2621 tum,
1162 2580 1223 2613 sed
1249 2581 1283 2613 in
1305 2589 1432 2612 uxores
1458 2578 1562 2612 etiam
1579 2582 1618 2611 et
1633 2576 1764 2611 liberos

1055 2632 1182 2673 saeviit,
1206 2641 1350 2675 quarum
1375 2631 1502 2664 multos
1536 2639 1605 2674 qua
1630 2638 1764 2663 veneno

1054 2695 1121 2728 qua
1137 2683 1231 2716 ferro
1246 2682 1394 2716 sustulit.
1625 2725 1637 2732 θ

1098 2739 1113 2772 i
1136 2735 1204 2770 An.
1219 2736 1271 2769 M.
1289 2738 1387 2768 3991.
1423 2733 1482 2767 01.
1506 2736 1583 2768 179.
1607 2735 1640 2771 2.
1673 2731 1763 2766 vrb.

1056 2789 1095 2822 C.
1110 2791 1187 2821 690.
1226 2786 1310 2820 Ant.
1326 2786 1388 2820 Ch.
1404 2787 1459 2819 62.
1552 2799 1560 2808 ’Δ
