1878 3132
428 203 537 234 cAP.
559 201 667 233 xw.
701 200 765 232 ns
798 199 1111 232 cumm'rA'rn
1143 199 1357 232 cacam.
1541 187 1627 232 8o7

154 302 321 348 cundia
341 306 520 354 teneret,
553 302 748 346 dicerem
776 301 954 356 dignum
974 299 1312 356 philosophum,
1334 298 1468 356 cujus
1488 300 1628 344 stabi-

154 371 292 415 liendi
309 384 456 414 mores
485 371 656 414 altioris
677 370 814 414 animi
844 369 1112 425 philosopho
1131 369 1442 413 traderentur!
1499 369 1630 413 Cete-

154 453 254 483 rum
273 439 415 494 gloria
441 452 498 483 ne
519 441 577 483 ab
606 441 678 482 his
697 439 892 496 quidem,
913 438 992 494 qui
1011 441 1282 481 contemtum
1311 437 1414 493 eJus
1433 437 1631 481 introdu-

155 520 253 550 cere
265 512 303 532 ²²
347 513 576 560 conantur,
607 508 870 562 negligitur:
909 506 1123 562 quoniam
1144 505 1324 562 quidem
1356 505 1471 560 ipsis
1505 505 1632 549 volu-

154 576 348 618 minibus
371 578 553 620 nomina
582 590 665 619 sua
696 576 927 631 diligenter
948 575 1191 631 adjiciunt;
1231 579 1285 617 ut
1316 573 1439 630 quod
1459 574 1632 629 profes-

157 644 286 687 sione
320 645 512 696 elevant,
545 644 838 700 usurpatione
871 643 1100 686 memoriae
1135 645 1481 698 assequantur.²³
1542 642 1637 685 Sed

104 731 107 741 v
158 713 499 768 qualiscumque
518 713 675 756 horum
703 712 1004 755 dissimulatio
1023 711 1261 767 proposito
1292 710 1469 754 illorum
1499 710 1633 766 longe

158 781 435 824 tolerabilior
452 785 536 833 est,
556 781 651 836 qui,
681 780 785 823 dum
798 784 837 811 ²4
877 784 1087 823 aeternam
1122 780 1384 822 memoriam
1419 792 1647 836 asseque·'

156 852 317 901 rentur,
337 849 472 892 etiam
492 849 742 892 sceleribus
762 849 1039 892 innotescere
1058 861 1148 891 non
1167 847 1444 891 dubitarunt.

215 918 260 960 4.
290 917 494 970 Quorum
528 930 554 959 e
583 930 768 960 numero
799 917 954 960 nescio
999 930 1057 960 an
1097 918 1143 959 in
1182 917 1338 972 primis
1379 915 1636 959 Pausanias

159 985 323 1028 debeat
341 985 501 1028 referri.
547 985 669 1027 Nam
681 989 717 1016 2⁵
748 985 854 1028 dum
877 985 1163 1028 Hermoclem
1185 987 1474 1040 percontatus
1495 988 1636 1036 esset,

159 1057 176 1077 ‘
189 1066 380 1110 quonam
400 1053 535 1096 modo
554 1054 703 1096 subito
725 1053 872 1096 clarus
907 1057 1068 1109 posset
1087 1052 1303 1105 evadere,'
1333 1056 1467 1108 atque
1499 1053 1540 1096 is
1570 1066 1637 1096 re-

159 1122 434 1179 spondisset,
455 1125 468 1144 ‘
481 1123 520 1164 si
539 1122 758 1164 illustrem
774 1122 918 1164 virum
940 1122 1136 1177 aliquem
1157 1121 1417 1173 occidisset,
1436 1121 1638 1164 futurum

162 1194 212 1233 ut
231 1191 371 1245 gloria
389 1189 487 1246 ejus
515 1190 573 1232 ad
602 1190 752 1246 ipsum
770 1190 1086 1244 redundaret3'
1127 1191 1338 1234 continuo
1372 1189 1638 1246 Philippum

163 1259 419 1302 interemit.¹¹
477 1258 538 1301 Et
556 1259 737 1314 quidem
758 1259 879 1315 quod
906 1260 1113 1315 petierat,
1147 1263 1386 1302 assecutus
1417 1263 1516 1312 est;
1545 1262 1639 1302 tam

161 1327 280 1370 enim
297 1340 347 1369 se
362 1327 620 1382 parricidio,
640 1340 772 1383 quam
788 1326 1029 1382 Philippus
1041 1325 1077 1352 ²⁶
1115 1326 1292 1378 virtute,
1310 1329 1463 1370 notum
1483 1331 1638 1383 poste-

162 1395 226 1439 ris
244 1395 467 1439 reddidit.‡

221 1465 265 1508 5.
296 1465 387 1507 Illa
406 1478 511 1507 vero
533 1464 686 1519 gloriae
706 1464 934 1519 cupiditas
950 1464 1192 1519 sacrilega:
1216 1464 1421 1508 inventus
1435 1469 1507 1508 est
1520 1465 1640 1508 enim

165 1533 248 1589 qui
279 1533 442 1576 Dianae
471 1533 681 1588 Ephesiae
702 1533 945 1588 templum⁰
973 1533 1209 1576 incendere
1236 1535 1388 1586 vellet,
1408 1538 1469 1576 sut
1503 1546 1638 1589 opere

208 1679 227 1702 ⁴
244 1680 320 1713 Nisi
335 1684 457 1713 tantam
468 1684 499 1713 et
521 1683 587 1713 tam
602 1681 692 1720 longe
705 1682 865 1722 patentem
879 1677 1065 1712 Aristotelis
1088 1679 1266 1712 doctrinam
1289 1679 1404 1712 honore
1424 1689 1641 1722 prosequerer,

165 1723 303 1756 dicerem
317 1725 407 1756 illum
419 1724 457 1755 ob
470 1734 558 1766 suam
571 1723 815 1756 inconstantiam
829 1723 963 1763 dignum
976 1733 1055 1764 esre,
1076 1723 1165 1763 cujus
1186 1733 1287 1756 mores
1310 1723 1351 1756 ab
1370 1723 1434 1756 alio
1449 1723 1640 1766 philosopho

166 1766 266 1799 animi
271 1767 432 1810 firmioris
444 1768 485 1800 ad
499 1767 709 1799 constantiam
721 1766 871 1806 παύω-ειη
884 1767 1130 1799 instrueremur.

784 1862 1026 1876 WOOWN

170 1930 273 1963 codd.
291 1931 436 1964 Torren.
453 1935 488 1964 et
506 1930 588 1964 edd.
613 1934 700 1963 vett.
728 1930 797 1963 duo
825 1930 987 1972 Pighiani
1011 1929 1176 1962 exhibent
1198 1929 1384 1968 intrudere,·
1406 1938 1494 1961 unus
1511 1928 1642 1961 Brand.

170 1975 326 2010 inducere.
350 1974 442 2016 quod
459 1985 556 2015 aeque
572 1974 789 2007 commodum
814 1979 917 2016 putat
933 1974 1191 2006 Vorstius.——23
1216 1973 1287 2005 Pro
1312 1976 1528 2014 assequuntur,
1551 1971 1646 2015 quod

169 2018 314 2049 Tor-ren.
326 2018 493 2058 restituit,
507 2018 654 2059 Pighius
670 2028 748 2050 cum
762 2019 892 2050 ceteris
908 2018 1232 2057 consequentum—24
1255 2017 1312 2048 Sic
1329 2015 1433 2048 Aldd.
1449 2019 1485 2048 et
1504 2024 1645 2048 revoca·

171 2060 223 2092 vit
238 2060 357 2092 Vorst.
382 2060 550 2102 probante
565 2061 754 2093 Torrenio:
779 2065 816 2093 at
836 2061 939 2102 Pigh.
968 2070 1031 2101 pro
1058 2061 1132 2091 dum
1157 2059 1299 2101 scripsit
1321 2060 1497 2100 dummodo,
1518 2063 1556 2091 et
1580 2068 1645 2100 pro

171 2106 421 2144 assequerentur,
443 2103 533 2145 quod
550 2103 682 2135 Brand.
700 2107 731 2136 1.
747 2106 780 2136 2.
797 2107 834 2135 et
849 2112 969 2135 omnes
982 2103 1129 2134 Torren.
1144 2101 1286 2134 firmant
1300 2101 1402 2134 codd.
1425 2102 1540 2144 posuit
1563 2111 1647 2134 um-

171 2149 320 2187 quantur.
367 2147 492 2188 Ultraj.
518 2150 549 2178 1.
578 2147 682 2179 habet
704 2150 741 2179 ut
768 2156 831 2188 pro
859 2148 947 2186 dum,
970 2146 1062 2188 quod
1086 2151 1226 2177 servant
1256 2145 1313 2177 alii
1343 2145 1534 2178 codd.-—25
1559 2146 1647 2177 Num

173 2190 273 2221 deest
287 2189 320 2221 in
336 2190 415 2222 edd.
433 2194 521 2222 vett.
538 2186 671 2221 addidit
687 2190 830 2232 Pighius
845 2190 1093 2221 convenienter
1110 2198 1187 2220 curn
1205 2188 1308 2220 codd.
1325 2193 1362 2220 et
1378 2189 1475 2230 Mog.
1499 2188 1558 2231 qui
1572 2188 1646 2221 fere

172 2231 319 2264 habent:
348 2233 433 2264 Nam
446 2243 516 2265 cum
533 2233 732 2264 Hermoclen.
777 2232 944 2264 Brodaeus
965 2233 1220 2270 Hermocratem;
1243 2231 1333 2274 quod
1351 2231 1495 2264 Colerus
1519 2232 1555 2263 in
1573 2237 1648 2264 tex-

173 2279 248 2307 tum
274 2276 430 2318 recepit:
453 2276 578 2318 Copes.
595 2276 851 2314 Hermodoclem3
875 2275 986 2307 ceteri
1010 2275 1293 2308 Hermaion-26
1315 2275 1443 2317 Ultraj.
1465 2278 1497 2307 1.
1522 2278 1647 2307 tantum

840 2361 985 2395 NOTAE

218 2430 234 2447 ¹
259 2425 439 2467 Philippum
461 2426 639 2469 interemit]
657 2426 736 2459 Non
760 2426 880 2469 gloriae
936 2429 1050 2468 nocte,
1083 2436 1152 2469 qua
1197 2430 1299 2459 natus
1346 2429 1401 2458 est
1437 2423 1648 2458 Alexander.

176 2476 390 2509 asciscendae
415 2486 532 2517 causa,
555 2482 594 2508 ut
611 2477 684 2509 vult
698 2478 882 2517 Valeri=183
937 2477 1041 2510 Unde
1053 2477 1205 2509 ‘rimaeus
1222 2476 1314 2519 apud
1331 2476 1533 2509 Ciceronem
1550 2476 1647 2517 dicit,

173 2526 236 2559 sed
262 2527 410 2569 injuriae,
433 2538 534 2569 quam
558 2529 601 2561 ab
618 2528 740 2560 Attalo
763 2539 882 2570 passus
938 2528 974 2560 id
991 2528 1128 2560 minime
1142 2537 1219 2559 esse
1236 2527 1439 2566 mirandum,
1454 2526 1544 2568 quod
1565 2527 1648 2559 Dia-

176 2582 266 2619 erat,
288 2579 508 2611 ulciscendae.
550 2578 619 2611 Sed
644 2579 689 2612 de
704 2579 755 2611 bis
777 2589 884 2620 supra
938 2591 997 2621 na,
1021 2591 1098 2613 cum
1120 2581 1153 2611 in
1167 2584 1271 2622 partu
1288 2579 1505 2621 Olympiadis
1527 2579 1649 2614 adesse

177 2628 238 2660 lib.
254 2637 279 2659 1.
293 2638 370 2669 cap.
382 2631 414 2660 8.
431 2639 522 2660 num.
535 2632 568 2662 9.
939 2632 1114 2671 voluisset,
1129 2630 1296 2662 abfuisset
1311 2629 1424 2662 domo.
1468 2631 1649 2672 Templum

222 2683 237 2716 t
262 2678 329 2710 An.
344 2679 393 2711 M.
407 2681 504 2711 3718.
528 2679 717 2714 01.111.1.
741 2681 881 2714 Urb.c.
938 2681 1020 2713 illud
1045 2686 1100 2713 ter
1122 2684 1338 2713 exstructum
1359 2685 1425 2721 est,
1447 2683 1538 2712 teste
1553 2681 1649 2714 Stra·

178 2731 256 2761 417.
275 2728 356 2760 Ant.
372 2729 436 2761 Ch.
452 2732 528 2761 835.
937 2732 1047 2771 bone;
1084 2736 1191 2774 utque
1221 2731 1411 2764 secundum
1440 2732 1564 2774 primo,
1598 2733 1649 2767 sic

219 2783 237 2800 ⁹
258 2780 376 2812 Dioenoe
399 2780 546 2821 Ephesia
568 2783 730 2825 templum]
755 2783 886 2816 Eadem
939 2782 1084 2814 tertium
1108 2781 1260 2815 secundo
1290 2786 1327 2815 et
1351 2782 1586 2824 magnitudine
1612 2788 1651 2817 et
