1878 3132
258 155 348 198 702
650 169 858 204 vitemur
894 170 1085 201 MAXIMI
1121 172 1216 202 me.
1250 173 1337 204 vu.

314 262 358 304 3.
390 261 506 303 Illud
527 275 708 318 quoque
729 270 803 305 a¹⁹
832 265 1077 320 majoribus
1109 271 1157 308 et
1182 267 1369 310 consilio
1401 269 1659 323 prudenter,
1681 275 1728 320 et

259 331 383 372 exitu
413 330 600 372 feliciter
634 332 876 386 provisum.
937 333 1051 375 Cum
1074 333 1198 376 Urbe
1217 339 1254 358 ²0
1284 340 1415 390 capta
1447 336 1570 380 Galli
1589 338 1726 394 Capi-

257 399 416 440 tolium
448 399 716 451 obsiderent,
755 403 987 456 solamque
1015 403 1214 457 potiendi
1251 403 1350 458 ejus
1383 417 1510 459 spem
1537 405 1584 447 in
1611 406 1728 448 fame

256 479 408 509 eorum
424 470 457 490 ²¹
486 469 731 522 repositam
765 470 1186 523 animadverterent,
1218 485 1430 526 perquam
1453 473 1621 516 callido
1650 487 1727 528 ge-

255 548 359 577 nere
391 536 624 588 consilii,22
654 538 788 580 unico
823 539 1168 592 perseverantiae
1204 540 1497 591 irritament0‚
1533 539 1726 585 victor-'es

254 604 573 658 spoliaverunt.
633 605 784 647 Panes
805 606 920 646 enim
945 605 1099 660 jacere
1131 607 1437 661 compluribus
1467 621 1525 650 ex
1557 608 1674 651 locis
1690 615 1724 641 ²³

255 678 498 726 coeperunt.
563 672 668 724 Quo
702 673 958 727 spectaculo
992 674 1386 729 obstupefactos‚24
1413 675 1725 732 infinitamque

252 739 459 782 frumenti
481 741 799 783 abundantiam
819 743 985 784 nostris
1004 736 1239 798 superesse
1260 743 1510 794 credentes,
1530 744 1587 787 ad
1616 758 1726 800 pac-

254 808 419 850 tionem
444 808 701 850 omittendae
723 809 975 851 obsidionis
1007 811 1330 866 compulerunt.
1391 811 1608 855 Miserius
1630 818 1727 856 est*

254 881 359 918 tunc
379 877 584 931 profecto
607 877 787 932 Jupiter
819 877 1039 921 Romanae
1059 879 1255 931 virtutis,
1276 880 1539 936 praesidium
1572 882 1631 924 ab
1651 895 1726 926 as-

253 944 367 985 tutia
415 945 679 996 mutuantis,
718 959 823 988 cum
860 947 906 987 in
918 950 954 976 ²⁵
1003 960 1179 990 summa
1224 948 1533 990 alimentorum
1569 949 1724 1005 inopia

252 1011 415 1066 projici
434 1013 647 1068 praesidia
664 1014 832 1070 inopiae
853 1019 1063 1058 cerneret.
1124 1016 1267 1070 Igitur
1293 1021 1343 1060 ut
1361 1016 1505 1069 vafro,
1525 1017 1590 1070 ita
1607 1018 1725 1072 peri-

252 1081 405 1123 culoso
427 1082 619 1124 consilio
642 1083 885 1126 salutarem
904 1084 1076 1126 exitum
1096 1084 1252 1127 dedit.‡

869 1181 926 1196 m

248 1243 342 1277 vidit.
388 1245 478 1277 Nam
502 1246 593 1288 quod
616 1247 754 1289 quidam
772 1248 861 1281 Mss.
888 1249 946 1281 hic
969 1248 1099 1281 habent
1125 1248 1277 1290 praevidit
1300 1247 1398 1280 nihili
1427 1246 1626 1280 faciendum
1657 1252 1722 1282 est.

250 1288 342 1319 Vide
369 1298 474 1330 supra
500 1299 545 1321 11.
567 1293 598 1322 6.
631 1293 692 1323 12:
723 1291 940 1324 Toum—18
968 1294 979 1310 ‘
995 1293 1134 1325 Desunt
1150 1296 1299 1334 quatuor
1320 1291 1427 1324 verba
1447 1295 1575 1324 tautum
1587 1301 1725 1325 n.‚u.m.

249 1330 285 1362 in
315 1330 410 1363 Med.
452 1332 555 1374 prim.
584 1337 620 1365 et
657 1334 753 1376 Lips.
781 1335 908 1377 Ultraj.
946 1335 1049 1377 prim.
1085 1338 1244 1376 tamquam
1274 1334 1389 1367 vinctis
1422 1334 1587 1366 manibus:
1626 1334 1723 1368 Leid.

249 1373 349 1414 prim.
373 1377 606 1408 tautummodo.-
630 1377 725 1409 Med.
748 1387 817 1410 sec.
846 1379 1009 1411 civitatem
1037 1379 1104 1410 sine
1133 1379 1199 1410 ulla
1227 1378 1428 1410 dimicatione
1449 1377 1539 1419 patri
1567 1377 1723 1410 tradidit.-

251 1417 378 1457 Copes.
405 1419 566 1451 civitatem
594 1419 663 1459 sine
694 1421 758 1452 ulla
794 1422 996 1454 dimicatione
1022 1421 1140 1453 vinctis
1167 1421 1311 1453 manibus
1336 1420 1424 1469 patri
1453 1419 1612 1452 tradidit:
1635 1429 1724 1471 ‘cre-

249 1459 397 1492 diderim
428 1465 556 1503 tamen,
597 1463 664 1495 sine
689 1465 755 1495 ulla
777 1464 991 1505 dimicatione,
1019 1465 1189 1506 glossema
1216 1474 1291 1496 esse
1319 1475 1376 1495 του
1404 1463 1522 1496 vinctis
1558 1463 1726 1496 manebus:

247 1503 448 1536 Idem—19
478 1505 604 1547 Ultraj.
637 1509 668 1538 1.
700 1507 809 1538 Bai-b.
839 1511 872 1541 1.
903 1508 1001 1540 Leid.
1028 1511 1061 1540 6.
1084 1511 1123 1540 et
1152 1507 1234 1539 Vet.
1269 1506 1549 1548 praepositionem
1575 1516 1597 1538 a
1621 1506 1721 1539 emite

248 1551 339 1586 tunt,
364 1557 433 1579 non
456 1549 560 1588 male,
583 1549 707 1590 judice
732 1550 886 1591 Kappio.
928 1552 1013 1583 Tres
1038 1550 1143 1583 codd.
1171 1551 1316 1583 Torren.
1339 1549 1481 1591 habent,
1501 1548 1628 1582 coneilio

246 1590 348 1630 denti,
372 1594 404 1622 et
432 1592 522 1623 exitu
539 1591 734 1630 felici.—20
757 1593 864 1626 ‘Vet.
896 1594 1022 1635 Copes.
1052 1593 1234 1626 duodecim
1258 1593 1315 1625 alii
1347 1592 1449 1625 codd.
1473 1597 1508 1624 et
1531 1591 1612 1624 edd.
1637 1596 1722 1626 vett.

250 1633 330 1665 Cum
353 1633 436 1665 enim
465 1634 561 1666 Urbe.
606 1636 770 1667 Ceterum
801 1641 913 1669 totum
942 1637 1034 1668 hunc
1063 1638 1173 1669 locum
1201 1636 1345 1677 Pighius
1370 1637 1459 1667 male
1481 1635 1723 1677 interpunxit?

247 1676 354 1717 Kapp.
400 1677 566 1710 Scilicet:
591 1678 910 1721 Illud....provisum‚
925 1690 996 1712 cum
1016 1679 1157 1712 Urbem.
1169 1680 1466 1712 animadverterent.
1488 1679 1723 1720 Perquam,350.

246 1723 332 1751 -21
357 1720 366 1737 ‘
382 1720 528 1760 Pighius
557 1731 600 1752 ex
618 1722 760 1754 Susiano
777 1727 814 1754 et
829 1724 943 1755 Pulm.
961 1722 1118 1765 reposuit
1132 1723 1335 1765 obsessorum,
1350 1731 1496 1763 eumque
1511 1721 1626 1756 secuti
1639 1726 1720 1754 sunt

247 1761 406 1803 Colerus,
436 1763 611 1805 vorstius,
632 1769 670 1796 et
688 1765 882 1799 Torrenius.
926 1765 998 1798 Alii
1027 1770 1142 1797 tamen
1169 1766 1254 1797 Mss.
1278 1770 1314 1797 et
1337 1774 1455 1796 omnes
1476 1764 1577 1797 editt.
1593 1764 1724 1797 habent

246 1815 365 1845 eorum,
393 1806 470 1838 scil.
498 1807 680 1848 majorum.
726 1809 844 1842 Quare
874 1809 925 1840 ita
950 1808 1067 1841 edidi!
1091 1810 1286 1851 Kapp.-—22
1308 1808 1412 1839 Multi
1429 1807 1531 1839 codd.
1547 1808 1722 1840 cuanet.

245 1848 371 1880 consilii
397 1849 534 1880 Romani
554 1850 603 1881 usi
627 1860 672 1882 ex
687 1849 822 1883 Glossa.
868 1852 968 1892 Mox,
983 1853 1116 1883 uictores
1132 1851 1371 1892 expoliaverunt
1386 1851 1602 1891 Copes.—2³
1625 1850 1723 1883 Med.

246 1900 317 1924 sec.
333 1888 545 1933 compluribus
570 1903 719 1933 spargere
733 1895 807 1926 locis
818 1905 831 1933 ‚·
855 1895 956 1936 prim.
974 1895 1084 1934 jacere
1097 1894 1305 1935 compluribus
1320 1893 1411 1926 locis.-
1433 1894 1483 1925 sic
1499 1902 1635 1935 quoque
1652 1893 1720 1926 Co·

245 1943 319 2009 855·
329 1934 548 2019 0035‘223225·
564 1941 758 2013 Ἓὲἒξῖἕέ
763 1947 813 2013 ¹22²,
823 1938 1181 2022 ‘ii‘Jgjhiffiffiffss
1194 1936 1722 2021 issaffssffhssssssiessffii‘ssffffiss‘

244 2019 372 2055 deinde
387 2021 555 2062 nonnulli,
579 2022 779 2056 obmittendoe
801 2024 1068 2056 obsidionis—25
1091 2023 1102 2041 ‘
1116 2023 1327 2064 Praepositio
1343 2024 1376 2054 iu
1392 2022 1493 2054 deest
1508 2022 1542 2054 in
1558 2022 1644 2059 Mss.
1659 2031 1720 2055 uu-

245 2063 358 2095 decim
372 2075 379 2094 :
397 2063 432 2095 in
448 2064 651 2106 quibusdam
667 2067 767 2099 deest
778 2067 893 2109 projici
913 2077 990 2099 cum
1003 2067 1100 2107 Mog.
1116 2067 1180 2098 hoc
1196 2066 1317 2098 modo:
1342 2076 1412 2098 cum
1423 2075 1544 2098 summa
1558 2065 1720 2114 alimento-

242 2115 314 2138 rum
330 2107 437 2148 inopia
447 2108 601 2148 praesidia
615 2109 731 2151 inopia*
745 2114 897 2143 cerneret.
941 2110 1042 2142 Unde
1055 2110 1292 2150 suspicaretur
1306 2109 1381 2151 quis
1395 2114 1525 2150 argutae
1540 2108 1720 2140 brevitatis

243 2158 360 2182 amans
375 2159 495 2183 verum
511 2161 599 2193 esse,
615 2152 705 2194 quod
721 2153 784 2186 dat
806 2153 915 2187 Barb.
943 2154 1041 2195 prim.
1067 2163 1136 2185 cum
1159 2162 1313 2185 summam
1335 2152 1556 2186 alimentorum
1582 2150 1721 2192 inopiam

913 2236 1061 2270 NOTAE

243 2307 336 2339 rens,
357 2298 483 2331 multas
500 2299 638 2340 praedas
655 2310 758 2342 agere
772 2302 889 2343 coepit.
1052 2305 1068 2328 Ε
1091 2299 1246 2332 Misenus
1269 2300 1332 2342 est]
1369 2298 1457 2332 Ideo
1481 2298 1562 2333 Jovi
1587 2297 1718 2331 Pistori

285 2347 298 2370 ¹
311 2348 355 2380 Ei
370 2349 522 2392 tradidit]
539 2350 732 2393 Postquam
745 2352 870 2384 civium
882 2351 951 2383 for·
1007 2361 1067 2383 ara
1084 2352 1195 2391 posita
1211 2355 1276 2390 est,
1294 2350 1382 2393 quod
1398 2351 1434 2382 in
1449 2350 1564 2392 quiete
1577 2356 1718 2382 eos-'mo-

242 2400 391 2432 tissimos
406 2409 575 2443 quosque,
591 2401 676 2433 alios
691 2402 760 2434 alia
775 2401 817 2433 de
834 2412 952 2442 causa,
1006 2402 1150 2442 unisset,
1177 2406 1215 2433 ut
1231 2411 1274 2432 ex
1290 2401 1382 2432 omni
1396 2400 1570 2433 frumento
1593 2407 1716 2442 panem

242 2450 298 2481 vel
311 2449 415 2481 exilio
426 2450 481 2482 vel
489 2455 602 2482 morte
612 2451 804 2492 mulctavit,
815 2455 951 2493 patrem
1006 2452 1230 2491 conficerent,
1258 2458 1294 2484 et
1316 2452 1351 2483 in
1377 2456 1491 2484 castra
1506 2451 1718 2493 projicerent

240 2503 281 2530 ut
307 2500 425 2531 veniat
452 2500 628 2541 admonet,
655 2511 800 2543 eumque
827 2502 950 2533 intem·
1003 2503 1168 2544 hostium,
1197 2507 1235 2536 ut
1251 2504 1359 2536 tradit
1375 2503 1598 2535 Lactantius:
1624 2502 1716 2534 unde

241 2554 343 2591 pesta
362 2554 466 2582 nocte
489 2551 524 2582 in
544 2551 664 2583 urbem
680 2551 855 2583 admittit:
880 2560 951 2582 om·
1004 2554 1109 2585 etiam
1139 2553 1244 2585 ovid.
1273 2554 1367 2585 Fast.
1391 2562 1441 2585 vr.
1463 2553 1598 2584 ‘Posse
1623 2551 1714 2585 fame

241 2600 342 2632 nibus
371 2600 443 2633 vita
468 2601 626 2644 bonaque
639 2611 816 2644 concessa,
839 2602 951 2644 iisque
1004 2604 1096 2636 vinci
1132 2613 1211 2645 spes
1247 2603 1402 2643 excidit;
1439 2603 1538 2636 hoste
1576 2603 1715 2644 repulso

241 2651 367 2683 Sextus
382 2651 553 2693 Princeps
569 2652 671 2685 datus
687 2656 750 2686 est.
1004 2654 1162 2687 Candida
1178 2654 1307 2686 Pistori
1324 2654 1465 2695 ponitur
1479 2663 1538 2686 ara
1551 2652 1656 2687 Jovi?

284 2707 299 2735 ‘r
322 2700 455 2734 An.M.
470 2705 568 2735 3533.
599 2702 656 2736 01.
672 2706 725 2737 64.
741 2707 773 2737 4.
807 2702 894 2736 Urb.
909 2702 949 2736 C.
1048 2710 1064 2744 ᾤ
1088 2704 1158 2737 An.
1184 2705 1236 2737 M.
1260 2707 1358 2738 3665.
1398 2705 1457 2738 Ol.
1481 2708 1541 2751 9⁷..
1557 2709 1590 2738 4.
1629 2704 1714 2737 Urb.

242 2754 319 2785 232.
350 2753 433 2786 Ant.
451 2754 513 2787 Ch.
529 2757 606 2787 520.
1005 2756 1047 2789 C.
1064 2758 1139 2789 364.
1175 2754 1262 2788 Ant.
1278 2755 1341 2788 Ch.
1358 2758 1436 2788 388.
