1878 3132
461 589 850 650 VALERII
922 589 1278 651 ΜΑΧΙΜΙ

136 770 497 817 FACTORUM
547 774 1035 828 DICTORUMQUE
1085 769 1612 818 MEMORABILIUM

669 963 892 1013 LIBER
945 962 1066 1013 vll.

755 1302 897 1346 CAP.
925 1304 966 1348 Ι.

608 1426 695 1469 DE
727 1425 1130 1470 FELICITATE.

151 1551 169 1583 1
193 1549 238 1584 Q.
255 1549 392 1582 Metelli
403 1548 636 1583 Macedonici.
909 1555 931 1584 2
954 1552 1067 1595 Gygis
1084 1552 1260 1595 Lydorum
1277 1553 1379 1596 regis.

129 1660 435 1722 VOLUBILIS
467 1679 654 1724 fortunae
675 1681 906 1737 complura
924 1687 936 1707 ¹
972 1683 1183 1739 exempla
1211 1684 1469 1727 retulimus:
1502 1698 1611 1728 con-

131 1750 305 1790 stanter
323 1749 534 1804 propitiae
550 1754 566 1773 ²
597 1750 841 1792 admodum
861 1764 1009 1806 pauca
1029 1754 1200 1796 narrari
1219 1757 1421 1809 possunt.
1502 1753 1610 1806 Quo

128 1818 270 1870 patet,
291 1829 392 1858 eam
415 1817 632 1861 adversas
659 1832 731 1861 res
765 1819 933 1874 cupido
955 1821 1107 1864 animo
1135 1821 1348 1877 infligere,
1383 1822 1610 1865 secundas

128 1894 270 1937 parco
312 1885 524 1928 tribuere.
596 1886 781 1939 Eadem,
821 1888 900 1930 ubi
939 1889 1231 1945 malignitatis
1280 1891 1491 1934 oblivisci
1521 1890 1609 1934 sibi

127 1952 400 2008 imperavit,⁰
429 1969 519 1998 non
541 1957 689 1999 solum
710 1957 905 2012 plurima
926 1962 970 2000 et
999 1959 1217 2012 maxima,
1250 1959 1330 2002 sed
1353 1960 1489 2003 etiam
1507 1973 1608 2016 per-

126 2025 266 2075 petua
279 2023 399 2067 bona
419 2026 626 2080 congerit.

186 2090 228 2132 1.
259 2091 510 2136 Videamus
534 2108 638 2150 ergo
660 2098 770 2151 quot
802 2096 1014 2150 gradibus
1046 2096 1365 2140 beneficiorum
1396 2096 1484 2150 Qu.
1507 2096 1609 2139 Me-

129 2159 282 2202 tellum
306 2174 334 2204 a
355 2163 499 2217 primo
521 2164 707 2218 originis
728 2165 800 2207 die
822 2165 879 2207 ad
900 2165 1105 2208 ultimum
1137 2179 1280 2222 usque
1312 2165 1395 2209 fati
1427 2170 1608 2221 tempus

127 2241 351 2283 nunquam
392 2236 596 2274 cessante
627 2233 923 2288 indulgentia,
966 2236 1024 2277 ad
1066 2249 1288 2278 summum
1317 2236 1465 2278 beatae
1500 2236 1607 2278 vitae

128 2298 382 2341 cumulum³
433 2301 709 2356 perduxerit.
791 2304 937 2347 Nasci
990 2309 1122 2347 eum4
1167 2305 1216 2347 in
1250 2305 1360 2347 urbe
1394 2307 1607 2347 terrarum

170 2451 186 2467 ⁶
202 2447 322 2482 Eadem
329 2449 465 2490 fortuna
478 2455 641 2494 postquam
647 2453 792 2496 firmiter
805 2454 969 2487 constituit
986 2454 1126 2487 oblivisci
1138 2453 1351 2496 malignitatis
1363 2453 1425 2486 sibi
1439 2451 1563 2485 innata.

923 2551 983 2564 m

172 2613 189 2641 l
215 2611 339 2652 Copes.
355 2622 448 2653 quam
461 2615 552 2655 plura
561 2626 573 2653 ,-
590 2616 680 2648 unde
698 2617 856 2649 Perizon.
877 2618 970 2660 conj.
986 2628 1079 2659 quum
1092 2618 1254 2660 plurima;
1271 2616 1372 2649 Harl.
1388 2616 1605 2657 complurima.

126 2655 192 2684 -2
215 2653 272 2685 Ita
288 2655 428 2696 Pighius
445 2667 489 2689 ex
503 2659 637 2691 Wiuck.
653 2666 690 2693 et
707 2661 845 2694 Gembl.
893 2662 1034 2694 Habent
1051 2662 1101 2693 ita
1116 2670 1252 2703 quoque
1269 2660 1399 2702 aliquot
1416 2660 1503 2691 Mss.
1519 2661 1606 2692 Tor-

127 2696 228 2728 renii.
244 2697 326 2729 Vet.
340 2703 376 2730 et
392 2699 538 2733 Ascens.
583 2703 708 2736 Plures
724 2704 811 2736 Mss.
827 2705 1002 2736 constantis
1021 2703 1183 2746 propitiae,
1207 2704 1280 2736 sive
1293 2703 1466 2735 constantis
1479 2706 1511 2734 et
1531 2713 1605 2745 pro-

123 2739 228 2780 pitia.
272 2741 430 2774 Vorstiue
445 2753 488 2775 ex
506 2755 571 2777 uno
587 2746 717 2779 Brund.
731 2748 906 2780 constantis
921 2759 958 2779 ac
970 2749 1186 2789 proptiae-3
1210 2746 1267 2780 Ita
1295 2756 1413 2779 omnes
1438 2745 1540 2779 codd.
1566 2750 1604 2779 et

127 2781 207 2814 edd.
225 2787 310 2816 vett.
354 2785 494 2827 Pighius
513 2797 592 2821 vero
609 2800 652 2824 ex
668 2791 875 2832 conjectura
898 2790 997 2824 dedit
1019 2791 1217 2823 culmem—4
1242 2790 1297 2823 Ita
1324 2789 1464 2833 Pighius
1489 2798 1604 2823 emen-
