1878 3132
365 190 477 223 GAP.
501 189 552 221 11.
585 189 650 221 DE
682 188 870 221 LIBERE
903 188 1068 221 DIG'rls
1099 188 1203 222 Am·
1236 189 1424 221 FACTIS.
1539 175 1630 220 603

154 286 312 342 inquit,
340 288 353 309 ‘
370 285 590 338 Quirites,
611 286 877 336 acclamate,
909 283 1016 327 dum
1051 283 1187 327 licet:
1220 284 1317 340 jam
1352 285 1472 328 enim
1490 285 1626 328 vobis

152 355 332 411 impune
353 355 502 398 facere
519 369 607 398 non
626 353 804 397 licebit?
819 359 851 385 ³¹
903 353 1096 397 Pulsata
1117 358 1189 397 est
1208 357 1313 396 tunc
1334 354 1491 396 eximii
1511 354 1627 398 civis

152 425 390 481 potentia3
420 425 522 468 hinc
553 424 778 467 invidiosa
797 424 992 480 querela,
1022 424 1127 467 hinc
1154 423 1474 467 lamentatione
1495 424 1628 466 mise-

152 493 352 537 rabili.⁸‘

210 564 255 606 7.
286 562 372 606 Cui
391 562 586 605 candida
620 562 768 605 fascia
788 575 893 605 crus
912 562 1145 618 alligatum
1173 562 1358 605 habenti
1380 561 1627 614 Favonius,

155 634 169 653 ‘
187 631 298 674 Non
322 630 484 683 refert,'
513 632 674 687 inquit,
695 634 708 654 ‘
723 645 815 688 qua
846 632 892 674 in
926 636 1050 688 parte
1081 632 1283 687 corporis
1302 631 1362 674 sit
1381 630 1588 674 diadema
1603 631 1630 684 3’

152 701 304 756 exigui
323 701 463 757 panni
484 701 766 743 cavillatione
794 702 937 756 regias
957 702 1000 744 ei
1021 701 1139 744 vires
1155 706 1190 733 ³²
1220 702 1515 757 exprobrans.
1563 699 1630 743 At

152 770 193 812 is
213 774 370 813 neutra
389 769 436 811 in
456 773 582 824 parte
597 774 628 800 ³³
665 772 834 813 mutato
853 770 998 822 vultu,
1030 774 1270 826 utrumque
1292 771 1428 822 cavit,
1462 783 1519 812 ne
1550 773 1630 812 aut

151 837 285 881 hilari
303 838 446 882 fronte
465 838 655 881 libenter
674 852 919 893 agnoscere
953 840 1222 895 potentiam,
1258 844 1338 883 aut
1372 839 1487 882 tristi
1515 838 1630 881 iram

153 906 351 962 profiteri
371 907 616 950 videretur:
646 921 789 962 eaque
821 908 1050 963 patientia
1079 907 1307 952 inferioris
1338 908 1475 951 etiam
1496 920 1630 963 gene-

152 975 215 1018 ris
248 978 294 1018 et
323 975 508 1019 fortunae
542 976 797 1019 hominibus
833 975 1003 1019 aditum
1037 977 1255 1020 adversus
1288 991 1338 1020 se
1377 977 1534 1020 deditxr
1590 975 1631 1018 E

154 1057 343 1100 quorum
364 1045 498 1088 turba
516 1044 634 1088 duos
655 1046 863 1088 retulisse
885 1046 1061 1089 abunde
1080 1047 1180 1089 erit.

211 1114 254 1157 8.
286 1113 487 1156 Helvius
502 1118 540 1145 ³4
571 1114 756 1158 Mancia
776 1114 1060 1167 Formianus,
1081 1115 1277 1159 libertini
1297 1114 1434 1167 filius,
1465 1115 1631 1159 ultimae

155 1183 414 1234 senectutiS,
450 1183 505 1225 L.
545 1181 800 1227 Libonemk
842 1185 964 1241 apud
999 1199 1211 1228 censores
1250 1185 1516 1228 accusabat.
1573 1184 1631 1227 In

156 1264 249 1306 quo
287 1252 533 1295 certamine
573 1266 675 1295 cum
715 1252 964 1309 Pompeius
1005 1254 1212 1310 Magnus,
1246 1253 1551 1297 humilitatem
1586 1254 1630 1296 ei

154 1324 426 1376 aetatemque
449 1323 745 1377 exprobranS,
777 1323 864 1366 ‘ab
899 1322 1063 1367 Inferis
1091 1323 1222 1366 illum
1242 1323 1301 1366 ad
1323 1322 1632 1366 accusandum

153 1388 416 1431 remissum'
455 1389 706 1435 dixissen*
751 1391 887 1435 ‘Non
922 1391 1152 1444 mentiris‚’
1182 1392 1345 1447 inquit,
1379 1394 1394 1414 ‘
1412 1392 1630 1447 Pompei3

153 1458 288 1501 venio
309 1458 429 1501 enim
450 1460 508 1502 ab
532 1459 719 1515 Inferis3
750 1460 799 1504 in
817 1460 871 1504 L.
893 1461 1112 1505 Libonem
1143 1464 1382 1505 accusator
1398 1465 1430 1492 ³⁵
1468 1461 1629 1504 venio:

195 1578 209 1595 ¹
225 1572 374 1605 Potentia
390 1573 536 1615 Pompeii
550 1573 630 1606 civis
650 1573 764 1607 eximii
786 1574 863 1607 loeea
886 1577 947 1616 m,
973 1577 1006 1607 et
1027 1584 1048 1607 a
1071 1574 1211 1607 laentulo
1235 1575 1364 1616 querela
1383 1573 1553 1617 invidiosa,
1567 1578 1598 1608 et
1612 1586 1633 1608 o

151 1615 237 1659 plebe
250 1617 472 1649 lamentatione
493 1617 678 1651 miserabili.

767 1670 1011 1684 ‘OOOOONOOOO

151 1733 216 1757 nee
232 1723 400 1767 displicet
412 1725 677 1760 Torrenim—SI
702 1726 761 1760 Sic
777 1736 895 1760 omnes
919 1727 1014 1770 typis
1040 1726 1211 1769 expressi,
1231 1725 1316 1760 item
1342 1726 1470 1769 eopes.
1500 1727 1632 1772 Ultraj.

151 1770 186 1802 2.
202 1772 240 1801 et
256 1769 417 1802 Perizon.
431 1770 542 1802 ceteri
556 1770 702 1804 'rori-en.
717 1770 857 1812 habent,
877 1781 940 1803 non
955 1771 1030 1805 licet
1039 1782 1053 1810 ,-
1076 1771 1167 1814 quod
1195 1775 1309 1803 ortum
1333 1769 1481 1804 fortasse
1503 1781 1547 1804 ex
1575 1782 1631 1814 eo,

153 1811 246 1854 quod
275 1811 421 1854 praefert
450 1813 576 1857 Ultraj.
602 1816 632 1847 l.
653 1824 716 1847 non
741 1814 856 1847 ticeat:
878 1815 960 1849 Joh.
983 1814 1114 1848 San-isb-
1140 1814 1349 1847 licebit.-32
1370 1814 1429 1847 Sic
1445 1815 1632 1849 Torrenius

153 1854 262 1888 edidit
278 1866 340 1899 pro
355 1856 421 1897 qius
435 1858 528 1891 vires.
556 1857 662 1890 Multi
679 1857 780 1890 codd.
795 1868 872 1891 cum
885 1859 968 1892 vet.
984 1864 1021 1892 et
1037 1858 1135 1901 Mog.
1150 1858 1217 1899 qius
1233 1868 1296 1895 Μ’.
1313 1858 1405 1901 quod
1419 1864 1531 1892 ortum
1545 1869 1590 1892 ex
1602 1860 1632 1893 εἰ

151 1899 257 1938 tim,-
292 1900 389 1932 Leid.
418 1903 450 1934 1.
472 1904 643 1943 opem-33
669 1901 831 1936 Perizon.
857 1903 955 1935 malit
980 1906 1125 1935 neutrum
1149 1902 1185 1935 in
1210 1905 1344 1944 purtem·
1389 1903 1475 1935 Mox
1499 1902 1633 1936 libenter

153 1940 253 1975 deest
271 1943 304 1975 in
320 1943 452 1976 Medic.
469 1948 500 1977 1.
547 1944 619 1977 Pro
636 1945 728 1978 tristi
743 1946 827 1978 iram
842 1946 923 1979 Vet.
939 1946 1130 1979 tristitiam.-
1154 1956 1219 1988 pro
1239 1945 1404 1986 insertoris
1427 1945 1528 1979 Harl.
1541 1948 1634 1980 mise-

151 1985 347 2020 norim—34
371 1986 514 2029 Aliquot
530 1987 632 2020 codd.
652 1988 779 2030 Helius,
805 1989 860 2021 vel
881 1990 976 2022 Elius
999 1989 1204 2032 pra-ferunt.
1248 1989 1468 2022 Burmannus
1483 1989 1636 2032 dubitat,

153 2038 198 2061 an
215 2035 349 2062 rectum
365 2031 410 2063 sit
427 2031 588 2071 Belmina,
609 2037 648 2065 et
664 2042 732 2064 non
751 2032 867 2075 potius
891 2033 1124 2075 scribendum,
1145 2032 1295 2074 Helvius,
1321 2033 1377 2066 vel
1391 2034 1507 2066 AEtiue.
1549 2034 1632 2068 Hel-

152 2073 224 2105 vim
240 2073 378 2106 videtur
391 2075 496 2107 etiam
512 2075 638 2117 legisse
654 2076 696 2108 P.
712 2077 912 2118 Leopardus
928 2077 1075 2110 Emend.
1092 2077 1153 2109 lib.
1166 2085 1227 2110 ιν.
1241 2086 1273 2109 c.
1286 2079 1341 2109 17.
1378 2078 1487 2110 AElius
1502 2078 1634 2111 Mancia

152 2115 209 2149 hic
231 2116 415 2158 tegebatur
437 2125 518 2150 ante
535 2119 707 2160 Pighium.
752 2120 850 2153 Leid.
876 2121 989 2162 quint.
1013 2121 1166 2158 Pelm'uu
1189 2120 1318 2162 Ultraj.
1341 2121 1444 2162 prim.
1469 2121 1633 2161 Heluius,-

152 2159 418 2194 sanson-isba.
442 2162 677 2196 Helvium—35
701 2163 711 2180 ‘
733 2163 792 2195 Sic
819 2169 969 2206 uterque
996 2164 1130 2196 Brund.
1157 2163 1225 2196 duo
1250 2163 1419 2196 Gronovii
1444 2164 1538 2206 libri,
1560 2165 1633 2199 Bit.

152 2203 254 2245 prim.
271 2204 376 2237 Bai-b.
394 2205 490 2237 Leid.
507 2210 620 2248 quart.
636 2206 744 2248 quint.
762 2211 853 2240 sext.
879 2212 971 2249 sept.
996 2207 1108 2240 Per-iz.
1126 2207 1251 2249 copea.
1263 2207 1358 2240 Ultr.
1370 2208 1474 2250 prim.
1496 2209 1631 2242 Douae.

152 2247 244 2279 alter
257 2257 334 2279 curn
353 2248 466 2281 Venn.
481 2249 626 2283 Mediol.
649 2249 794 2283 Ascens.
821 2250 932 2292 Lugd.
955 2254 1053 2284 1512.
1100 2250 1196 2293 Lips.
1214 2255 1372 2294 utraque.
1418 2252 1465 2284 Et
1481 2251 1533 2285 sie
1546 2251 1634 2295 legit

153 2300 290 2333 quoque
305 2291 362 2325 Jo.
377 2291 652 2326 Sarisberiensis.
698 2293 802 2326 Multi
820 2294 877 2326 alii
894 2295 945 2327 M.
961 2295 1002 2328 L.
1016 2294 1167 2328 Libonem
1180 2299 1343 2327 accusator
1357 2294 1467 2333 ναίω
1485 2305 1566 2328 nam
1581 2296 1633 2329 M.

152 2339 266 2366 ortum
294 2339 350 2367 est
376 2344 420 2367 ex
444 2336 490 2368 in.
537 2335 602 2368 Ed.
618 2337 702 2368 Vet.
717 2340 748 2369 et
764 2337 803 2369 L.
820 2336 984 2379 Libonem,
1007 2340 1063 2381 ξε.
1109 2337 1220 2371 Nihili
1245 2347 1329 2381 ergo
1354 2343 1421 2380 est,
1441 2339 1533 2382 qnod
1559 2339 1631 2372 edi·

152 2376 264 2411 tiones
279 2379 504 2421 recentiores,
526 2380 738 2413 Tot-reniam
753 2385 917 2424 excepta,
938 2391 1013 2424 prae
1029 2392 1066 2415 se
1080 2380 1213 2424 ferunt,
1238 2381 1279 2416 L.
1303 2382 1456 2416 Libonem
1469 2386 1631 2416 acmant-

816 2466 965 2501 NOTAE

194 2531 215 2550 '¹
238 2529 307 2563 An.
318 2531 370 2564 M.
386 2534 484 2564 3998.
507 2531 566 2564 01.
581 2535 658 2565 181.
674 2535 705 2565 l.
719 2532 806 2566 Urb.
823 2532 863 2566 C.
918 2533 1020 2567 Bruti
1037 2533 1211 2577 partibus,
1233 2533 1277 2566 ad
1304 2534 1357 2567 M.
1381 2532 1571 2567 Antonium
1593 2544 1631 2568 se

150 2585 230 2615 697.
255 2581 337 2615 Ant.
355 2582 420 2614 Ch.
436 2586 490 2615 55.
917 2585 1086 2627 contulit;
1121 2586 1219 2628 eujus
1260 2595 1371 2628 opera
1403 2585 1630 2620 Consulatum

196 2638 212 2669 t
236 2632 362 2667 Au.M.
375 2637 474 2667 3998.
498 2635 558 2668 01.
574 2638 650 2669 181.
668 2639 700 2670 1.
715 2636 805 2670 Urb.
822 2638 862 2671 c.
918 2635 1066 2678 adeptus
1079 2640 1148 2669 est·

152 2687 229 2718 697.
253 2685 336 2717 Ant.
352 2685 414 2717 Ch.
430 2689 484 2717 55.
961 2691 977 2725 t
1000 2686 1069 2720 An.
1085 2687 1137 2719 Μ.
1153 2689 1251 2720 3999.
1277 2686 1336 2720 01.
1354 2689 1430 2720 181.
1441 2690 1473 2720 2.
1488 2687 1574 2723 Urb.
1586 2688 1629 2722 C.

195 2734 211 2757 ¹
234 2736 274 2768 L.
290 2736 453 2778 Libonem]
470 2738 522 2770 Ex
536 2738 719 2771 Scribonia
742 2745 860 2782 gente,
917 2743 995 2773 698.
1011 2740 1096 2772 Ant.
1111 2739 1174 2772 ch.
1188 2741 1244 2772 ⁵4.

153 2787 225 2830 qui,
260 2787 363 2819 victis
407 2792 479 2821 tum
518 2790 677 2832 Pompeii
707 2795 779 2824 tum
807 2793 859 2825 M.
