1878 3132
398 184 506 218 car.
529 183 640 215 vm.
675 183 740 214 nn
775 181 991 214 savinus
1023 182 1289 216 uramus.
1510 171 1597 214 575

696 402 836 449 cAP.
872 402 1016 448 VIII.

297 541 419 595 QUI
449 538 688 588 SEVERI
718 538 1065 585 ADVERSUS
1097 538 1407 583 LIBEROS.¹

129 680 147 710 1
173 677 214 711 L.
227 675 356 714 lunius
371 676 505 710 Brutus
522 677 654 719 primus
670 676 748 710 Cos.
903 679 925 709 4
950 675 1002 709 Μ.
1018 675 1175 711 AEmilius
1193 676 1352 714 Scaurus.

128 723 150 753 2
173 719 313 753 Cassius
330 719 554 752 Viscellinus·
905 723 924 751 5
950 718 993 752 A.
1008 719 1161 753 Fulvius.

128 767 150 796 a
171 764 216 798 Τ.
235 763 387 798 Manlius
401 763 679 807 Torq.juri⁸cos.

167 909 211 951 1.
245 906 455 950 ConicAE
474 905 674 948 leuitatis
697 905 746 948 hi
766 909 947 961 patres:
978 905 1164 960 tragicae
1187 904 1453 960 asperitatis
1472 904 1602 946 illisu

111 977 206 1020 Par
229 975 433 1021 Romulo
454 975 601 1030 gloria
621 975 676 1018 L.
697 975 902 1028 Brutus‚³
934 975 1045 1031 quia
1078 975 1152 1017 ille
1179 975 1350 1025 urbem,
1370 974 1444 1016 hic
1467 974 1604 1016 liber-

110 1050 249 1090 tatem
272 1044 527 1089 Romanam
555 1044 788 1098 condidit3
817 1044 938 1088 filios
967 1049 1110 1096 ευσεβ
1138 1044 1377 1100 Tarquinii
1397 1043 1605 1086 domina-

112 1115 281 1158 tionem
303 1127 333 1157 a
352 1127 403 1156 se
423 1113 663 1170 expulsam
693 1113 982 1164 reducentes,
1002 1125 1229 1156 summum
1258 1112 1495 1168 imperium
1524 1112 1605 1153 ob-

113 1184 262 1227 tinens
288 1183 658 1239 comprehenSOS,
685 1196 863 1239 proque
892 1182 1112 1225 tribunali
1132 1182 1272 1237 virgis
1299 1194 1464 1233 caesos,
1481 1185 1527 1223 et
1547 1180 1608 1223 ad

113 1254 267 1309 palum
286 1253 539 1308 religatos⁴
567 1252 718 1295 securi
751 1252 932 1308 percuti
957 1250 1110 1308 jussit.
1173 1250 1317 1292 Exuit
1345 1254 1535 1305 patrem,
1555 1254 1607 1291 ut

116 1322 351 1365 consulem
373 1326 552 1376 ageret:
584 1323 814 1378 orbusque
834 1322 997 1372 vivere,
1013 1333 1152 1376 quam
1172 1320 1372 1376 publicae
1392 1318 1605 1362 vindietae

116 1391 274 1434 deesse
293 1391 485 1435 maluit.-

175 1461 221 1504 2.
253 1460 410 1517 Hujus
443 1462 680 1505 aemulatus
710 1461 970 1517 exemplum
1006 1459 1213 1512 Cassius,
1240 1458 1400 1510 filium,
1426 1458 1505 1513 qui
1528 1459 1607 1500 tri-

161 1620 178 1636 a
194 1613 245 1647 Ha·
255 1618 364 1656 patres
379 1616 418 1648 de
429 1614 541 1657 quibus
555 1615 678 1656 egimus
692 1614 867 1647 habuerunt
881 1614 1058 1654 lenitatem,
1071 1614 1192 1655 qualem
1202 1612 1317 1645 habent
1326 1615 1435 1655 patres
1449 1611 1485 1643 in
1499 1619 1607 1643 comoe-

119 1658 206 1696 αὕη
219 1659 270 1691 illi
283 1668 356 1691 vero
371 1660 410 1691 de
425 1659 536 1702 quibus
550 1669 624 1691 mox
639 1659 776 1692 dicemus
780 1658 919 1698 fuerunt
932 1658 1114 1691 severitatis
1127 1657 1273 1698 tragicae.

738 1765 988 1778 ΟΜΝΝΝΟ

163 1834 180 1863 1
206 1831 292 1864 Vet.
321 1835 358 1865 et
385 1831 474 1866 Mss.
510 1831 564 1864 De
589 1832 759 1866 severitate
781 1836 954 1875 parentum
989 1831 1135 1876 (patrum
1162 1829 1264 1873 Vet.)
1290 1831 1325 1864 in
1339 1830 1442 1873 filios,
1469 1829 1526 1862 vel
1552 1830 1609 1862 ad-

116 1884 226 1907 versus
248 1874 374 1908 liberos.
418 1875 522 1910 Quod
553 1875 698 1917 Pighius
735 1877 962 1912 mutavit.——2
984 1876 1096 1909 ‘Haec
1136 1876 1185 1908 ita
1211 1874 1353 1910 exhibet
1381 1874 1480 1908 Leid,
1518 1880 1611 1906 sext.

122 1918 260 1951 Comicae
284 1919 428 1954 lenitatis
453 1919 488 1952 hi
515 1922 636 1961 patres,
671 1921 711 1953 de
740 1921 851 1962 quibus
874 1920 995 1953 dictum
1024 1923 1085 1958 est,
1113 1919 1248 1960 tragicae
1273 1918 1457 1960 asperitatis
1481 1917 1545 1959 illi,
1571 1919 1610 1949 de

119 1962 230 2004 quibus
244 1963 409 1996 dicendum
431 1966 491 1996 est.
518 1962 587 1996 Sed
604 1973 680 2006 quae
699 1964 799 1996 nimis
830 1963 1017 1997 manifeste
1050 1963 1291 1997 Glossatorem
1318 1961 1483 2004 produnt,
1506 1971 1609 2003 quam

119 2010 159 2038 ut
175 2006 336 2041 dubitare
354 2006 482 2040 liceat!
513 2007 642 2040 Torren.
666 2008 748 2040 Vet.
765 2008 873 2050 capiti
906 2007 1122 2050 praecedenti
1138 2006 1375 2039 annectit.-—3
1401 2005 1491 2039 Haec
1504 2004 1612 2036 verba

121 2050 173 2081 ita
199 2051 383 2083 constituit
421 2050 568 2093 Pighius
605 2061 684 2084 cum
726 2057 831 2084 antea
862 2051 1053 2094 legeretur,
1081 2051 1207 2083 Brutus
1233 2060 1295 2092 par
1321 2049 1430 2090 gloria
1461 2049 1609 2081 Romulo.

122 2093 170 2126 Et
196 2094 288 2127 idem
315 2104 454 2137 quoque
484 2094 568 2127 ordo
585 2095 760 2138 reperitur
789 2096 824 2128 in
855 2096 942 2128 Mss.
962 2104 1108 2138 quorum
1139 2093 1276 2138 quidam
1305 2093 1440 2126 addunt
1468 2092 1610 2129 Lucius.-

122 2146 225 2179 quem
266 2138 324 2170 ine
365 2138 567 2170 mutandum
598 2139 710 2176 duxit,
743 2143 890 2181 propter
935 2138 1121 2182 sequentia
1160 2137 1363 2180 pronomina
1398 2137 1460 2177 hic,
1498 2136 1610 2167 ille.—

123 2184 143 2213 4
163 2181 233 2213 Pro
260 2182 412 2222 religatos
440 2181 574 2215 Medic.
596 2186 627 2215 l.
650 2184 819 2224 deligatas,
843 2182 935 2226 quod
953 2192 1018 2225 pro
1033 2193 1065 2214 v.
1082 2182 1103 2214 Ι.
1122 2181 1264 2214 additur
1280 2181 1386 2213 etiam
1403 2181 1436 2212 in
1463 2179 1562 2212 Leid-
1578 2182 1610 2213 7.

794 2294 939 2328 NOTAE

168 2387 184 2403 ¹
208 2382 308 2415 Filios
322 2382 408 2424 suos]
425 2382 516 2414 Exul
532 2381 626 2423 apud
644 2381 838 2414 Hetruscos
895 2382 949 2424 pit
965 2382 1178 2424 conjuratos,
1194 2389 1325 2424 eosque
1342 2383 1424 2412 ante
1441 2379 1609 2412 Consules

123 2433 330 2476 Tarquinius
350 2433 493 2465 Romam
521 2432 655 2473 legatos
681 2433 838 2474 miserat,
893 2434 1006 2474 sistit3
1037 2439 1111 2467 tum
1137 2433 1268 2466 Brutus
1299 2431 1380 2464 filiis
1407 2429 1560 2471 dicendi,
1581 2429 1609 2460 si

126 2485 185 2527 qui
225 2485 314 2516 bona
351 2485 457 2526 ipsius
487 2488 715 2526 repetereut;
760 2494 838 2517 cum
894 2485 975 2528 quid
995 2486 1137 2527 vellent,
1159 2484 1245 2517 facit
1272 2488 1507 2526 potestatem3
1532 2491 1611 2514 cum

125 2536 253 2568 multos
281 2536 341 2574 iili,
370 2540 442 2568 tum
474 2535 576 2568 Bruti
601 2534 690 2567 filios
717 2535 838 2567 Titum
894 2542 1043 2579 uterque
1058 2535 1162 2568 fleret
1187 2534 1320 2567 indicto
1337 2533 1492 2573 silentio,
1515 2533 1611 2574 capi-

127 2591 163 2619 et
177 2587 352 2619 Tiberium
370 2587 414 2619 ad
430 2596 508 2619 suas
522 2590 641 2629 partes
657 2586 836 2619 alliciunt:
895 2588 1000 2620 talem
1011 2587 1046 2619 in
1059 2597 1118 2620 eos
1129 2586 1339 2619 sententiam
1354 2584 1500 2628 profert.
1519 2583 1610 2616 Haec

128 2640 164 2671 in
180 2640 273 2672 aedes
290 2639 507 2683 Aquiliorum
531 2640 744 2671 conveniunt
759 2649 840 2671 con·
894 2639 1026 2672 Livius.

122 2691 251 2732 jurati3
276 2691 417 2723 interim
434 2691 612 2723 Pincerna
628 2687 769 2733 quidam
781 2700 842 2723 no·
940 2690 959 2709 *
984 2690 1051 2721 An.
1068 2689 1119 2721 Μ.
1136 2690 1234 2720 3546.
1258 2687 1317 2721 01.
1334 2690 1390 2720 68.
1410 2690 1444 2720 6.
1467 2686 1553 2721 Urb.
1570 2687 1610 2720 C.

130 2741 222 2773 mine
247 2741 428 2774 Vindicius
453 2741 633 2774 Valerium
656 2741 843 2774 admonet:
895 2743 972 2774 245.
998 2739 1084 2773 Ant.
1101 2740 1163 2772 Ch.
1180 2741 1257 2771 507.

131 2792 189 2824 iile
204 2793 371 2825 continuo
387 2802 465 2825 cum
481 2792 601 2825 amicis
619 2792 769 2833 advolat,
785 2803 843 2825 ca-
