1878 3132
251 138 338 181 598
649 149 857 192 unnim
892 150 1088 182 MAX1M1
1123 152 1222 183 ΜΒ.
1250 152 1312 182 νι.

251 245 512 296 fluctuabat,
532 243 689 287 eodem
709 250 906 300 tempore
936 251 984 289 et
1001 247 1252 290 victoribus
1272 251 1318 290 et
1351 247 1475 291 iratis
1494 247 1715 305 subjecta.

250 312 460 355 Ceterum
479 326 580 355 cum
599 314 817 357 auxilium
832 315 1017 358 unicum
1031 316 1078 358 in
1094 317 1305 371 precibus
1324 321 1494 359 restare
1514 317 1712 361 animad-

252 386 487 434 verterent,
507 383 683 436 ingenui
702 386 744 425 et
762 383 912 426 Italici
933 384 1190 439 sanguinis4
1218 384 1429 427 oblivisci
1451 398 1540 427 non
1558 389 1717 440 potue-

252 457 368 492 runt.
428 450 645 507 Princeps
669 452 786 494 enim
813 465 963 495 eorum
992 453 1038 494 in
1061 452 1195 496 Curia
1228 453 1532 508 interrogatuS‚
1550 455 1564 475 ‘
1580 465 1716 508 quam

251 531 435 573 poenam
469 520 766 573 mererentur,’
796 521 1043 576 respondit,
1074 524 1087 543 ‘
1103 521 1255 574 Quam
1287 526 1521 572 merentur,
1554 521 1632 576 qui
1667 534 1717 563 se

253 586 413 641 dignos
433 587 641 632 libertate
657 588 889 645 judicant?
946 588 1110 632 Verbis
1138 603 1261 632 arma
1279 593 1507 641 sumserat,
1528 602 1719 644 exaspe-

251 658 462 710 ratosque
502 656 691 699 Patrum
728 658 1077 713 conscriptorum
1117 658 1291 700 animos
1330 658 1719 701 inflammaverat.⁵

253 722 346 766 Sed
369 724 572 768 Plautius
592 725 762 777 consul,
782 725 937 769 favens
969 726 1295 768 Privernatium
1310 725 1329 752 ⁶
1359 739 1527 777 causae,
1546 738 1721 781 regres-

253 803 353 833 sum
373 792 577 835 animoso
598 794 695 850 ejus
716 793 839 836 dicto
858 794 1039 845 obtulit,
1053 794 1369 850 quaesivitque,
1391 797 1404 816 ‘
1420 795 1595 850 qualem
1616 806 1720 836 cum

252 859 320 902 eis
342 859 542 904 Romani
561 875 722 918 pacem
741 862 936 906 habituri
951 867 1096 906 essent
1114 863 1378 918 impunitate
1397 862 1596 906 donata?
1654 860 1723 905 At

252 928 292 970 is
314 930 684 973 constantissimo
704 932 850 983 vultu,
870 934 883 955 ‘
901 931 951 974 Si
971 931 1135 973 bonam
1155 931 1395 983 dederitiS,'
1410 932 1571 988 inquit,
1591 934 1604 954 ‘
1621 944 1720 987 per-

251 1000 459 1050 petuam:
492 998 533 1041 si
552 999 730 1052 malam,
750 1012 840 1042 non
859 998 1145 1042 diuturnam?
1159 1003 1176 1031 ⁷
1222 998 1328 1051 Qua
1346 1013 1458 1042 voce
1473 1000 1721 1055 perfectum

253 1068 337 1117 est,
358 1070 409 1108 ut
427 1066 562 1110 victis
578 1081 669 1111 non
704 1068 853 1110 solum
867 1067 1017 1119 venia,
1041 1068 1123 1110 sed
1145 1067 1283 1110 etiam
1294 1067 1374 1123 jus
1394 1073 1441 1110 et
1458 1067 1722 1110 beneficium

251 1138 415 1178 nostrae
436 1135 632 1179 civitatis
653 1136 861 1179 daretu1·.·⁵

309 1202 354 1245 2.
386 1203 464 1246 Sic
483 1205 530 1246 in
551 1208 707 1248 senatu
723 1204 962 1247 Privernas
981 1202 1103 1258 loqui
1119 1216 1258 1246 ausus
1280 1207 1363 1245 est.
1412 1202 1465 1246 [ι.
1485 1215 1591 1246 vero
1612 1203 1725 1246 Phi-

252 1269 437 1326 lippusb
466 1274 626 1317 consul
646 1274 861 1317 adversus
882 1272 1071 1315 eundem
1104 1272 1299 1314 ordinem
1327 1272 1578 1315 libertatem
1596 1285 1723 1315 exer-

254 1352 353 1383 cere
371 1355 462 1384 non
497 1342 736 1386 dubitavit.
796 1341 919 1385 Nam
945 1340 1176 1395 segnitiem
1207 1354 1288 1396 pro
1317 1341 1530 1384 Rostris⁶
1557 1353 1724 1396 expro-

253 1409 402 1462 brans,
418 1413 433 1433 ‘
447 1411 536 1454 alio
552 1412 639 1454 sibi
658 1414 817 1455 senatu
837 1423 956 1467 opus
976 1422 1078 1453 esse
1090 1408 1102 1426 '
1123 1410 1263 1453 dixit:
1293 1413 1557 1466 tantumque
1577 1421 1606 1452 a
1624 1421 1725 1464 poe·

869 1526 1110 1541 “noueeeoe

252 1599 345 1632 Vide
361 1599 421 1632 lib.
437 1609 496 1633 111.
512 1602 545 1633 2.
560 1599 735 1634 initia—4
750 1599 809 1634 Sic
824 1599 1003 1634 revocavit
1016 1600 1162 1632 Torren.
1179 1609 1256 1631 cum
1272 1602 1352 1631 ante
1367 1608 1388 1630 a
1399 1597 1526 1640 Pighio
1539 1597 1703 1631 ederetur
1713 1609 1725 1632 :

252 1643 390 1684 ingeniti
413 1643 520 1676 Italici
539 1644 715 1687 sanguinis,
739 1644 830 1686 quod
847 1644 960 1676 Pulm.
985 1643 1062 1676 Sus.
1078 1646 1116 1675 et
1130 1642 1267 1675 Winck.
1286 1642 1427 1674 habent.
1471 1641 1605 1674 Novem
1621 1640 1724 1675 codd.

252 1685 385 1728 ingenui
400 1690 431 1719 et
446 1687 575 1724 Italici.-
597 1687 669 1720 Bit.
698 1698 767 1720 sec.
795 1698 872 1720 cum
893 1687 996 1720 Harl.
1016 1691 1046 1720 et
1068 1686 1200 1728 ingenui
1215 1689 1246 1718 et
1269 1685 1380 1717 Italici
1387 1695 1400 1723 ‚·
1423 1690 1569 1727 uterque
1591 1685 1722 1727 Ultraj.

254 1739 334 1762 cum
352 1729 451 1762 Leid.
473 1731 595 1772 quinto
611 1734 648 1763 et
663 1731 760 1773 Mog.
777 1730 899 1771 ingenii
912 1735 942 1763 et
958 1730 1079 1762 Italici.
1109 1729 1215 1761 Barb.
1232 1729 1333 1770 prim.
1349 1727 1498 1768 ingeniti,
1514 1733 1552 1760 et
1570 1738 1633 1770 pro
1648 1738 1682 1760 v.
1699 1729 1724 1761 l.

253 1773 396 1814 ingenui.
452 1773 564 1806 Recte
596 1773 671 1815 jam
711 1775 882 1815 ingenuum
909 1773 1095 1814 sanguinem
1130 1772 1317 1804 vindicavit
1345 1771 1628 1803 Perizonius.-—6
1665 1771 1724 1804 Sic

254 1815 400 1859 Pighius
415 1826 459 1849 ex
475 1817 561 1850 Mss.
577 1817 746 1859 restituit,
768 1827 845 1850 cum
862 1816 973 1849 Aldus
990 1816 1180 1848 edidisset:
1205 1816 1309 1852 Quam
1329 1818 1500 1854 merentur,
1520 1815 1574 1856 qui
1597 1823 1667 1846 cum
1690 1825 1725 1851 ιι

254 1859 402 1892 libertate
417 1860 529 1900 dignos
545 1859 741 1903 judicarent,
764 1870 852 1892 arma
867 1863 1055 1892 sumserunt.
1100 1860 1314 1900 Eat-asperatus
1332 1861 1459 1900 patrum
1480 1857 1726 1899 conscriptorum

252 1903 374 1935 animos
391 1903 495 1936 verbis
511 1903 773 1946 inflammaverat.
830 1905 874 1935 Et
899 1904 950 1937 sic
971 1903 1077 1936 etiam
1099 1903 1228 1934 Brand.
1247 1905 1278 1934 1.
1292 1905 1325 1935 2.
1342 1901 1414 1933 alii.
1455 1899 1599 1942 Aliquot
1619 1900 1721 1934 codd.

254 1946 399 1978 Torren.
422 1946 550 1979 habent
563 1947 769 1988 judicarent,-
788 1946 919 1988 Ultraj.
939 1950 968 1979 l.
993 1950 1026 1979 2.
1041 1945 1250 1986 ,indicantum
1273 1945 1383 1977 Bitur.
1399 1947 1430 1977 l.
1447 1948 1484 1976 et
1499 1944 1595 1976 Leid.
1617 1946 1652 1976 4.
1666 1944 1722 1984 Ju-

253 1989 413 2022 dicarint:
436 2000 555 2022 omnes
579 1995 710 2032 praeter
733 1990 840 2022 Barb.
858 1993 888 2023 1.
905 1995 942 2022 et
957 1989 1090 2022 Medic.
1106 1992 1138 2021 2.
1162 1989 1278 2020 delent
1294 1998 1364 2020 cum
1385 1988 1475 2030 quod
1489 1986 1592 2019 estin
1608 1987 1721 2028 vulgg.

254 2031 299 2064 In
325 2033 466 2075 reliquis
492 2043 569 2066 cum
598 2035 714 2075 vulgg.
737 2034 960 2066 consentiunt
987 2033 1084 2065 Harl.
1109 2031 1222 2064 Bitur.
1248 2034 1283 2064 2.
1313 2030 1420 2064 Barb.
1438 2033 1468 2062 1.
1503 2029 1626 2062 Leidd.
1642 2033 1723 2063 25.

254 2075 383 2118 Ultraj.
410 2079 442 2109 1.
467 2079 501 2109 2.
524 2076 586 2109 sed
611 2076 739 2119 Ultraj.
766 2080 796 2110 1.
818 2076 936 2117 habet,
958 2078 1158 2118 exmerutos
1181 2084 1315 2116 quoque.-
1343 2075 1469 2116 Copes.
1499 2078 1537 2105 et
1563 2073 1724 2107 Perizou.

254 2119 358 2152 verbis
369 2123 480 2153 contra
493 2130 568 2162 quos
581 2130 670 2153 arma
684 2123 880 2162 sumpserant
889 2130 903 2158 ;
925 2119 1023 2152 Leid.
1038 2122 1070 2152 4.
1095 2118 1198 2150 verbis
1221 2127 1312 2150 arma
1335 2119 1527 2158 sumpserant
1538 2127 1552 2155 ,-
1575 2116 1674 2148 Leid.
1690 2120 1722 2150 5.

255 2166 294 2194 et
320 2162 435 2196 Bitur.
460 2166 491 2195 1.
512 2163 600 2196 urbis
614 2173 703 2196 arma
717 2166 924 2206 sumpserant.
969 2162 1085 2204 Pighii
1110 2162 1193 2194 lect.
1219 2161 1322 2193 valde
1347 2160 1497 2202 probant
1520 2160 1663 2192 Torren.
1688 2165 1725 2192 et

255 2204 440 2247 Kapp.—6
463 2205 609 2249 Aliquot
634 2206 736 2238 codd.
763 2207 1063 2239 Privernatem—‘I
1087 2205 1199 2237 Bitur.
1228 2207 1257 2236 l.
1285 2205 1478 2242 diuturnam,
1501 2208 1539 2236 et
1565 2211 1628 2245 pro
1651 2212 1685 2236 v.
1701 2203 1724 2235 l.

255 2249 439 2282 duraturam
451 2260 465 2289 ,·
487 2249 580 2282 idem
606 2249 700 2282 delet
720 2250 883 2282 dederitis.
929 2248 1051 2281 Verba
1069 2248 1193 2291 quibus
1209 2247 1353 2289 Pighius
1368 2255 1513 2288 sequens
1529 2245 1724 2289 exemplum

917 2336 949 2368 N
955 2335 1060 2368 0¹1¹AE

298 2415 318 2434 *⁵
342 2414 409 2449 An.
424 2416 476 2449 M.
487 2418 585 2449 3⁷26.
603 2415 662 2449 Ol.
673 2418 748 2449 112.
763 2417 795 2448 4.
811 2415 897 2450 Urb.
922 2415 961 2449 C.
1015 2415 1160 2448 totidem
1177 2425 1219 2447 ex
1237 2414 1400 2458 Equestri
1413 2413 1546 2447 ordine
1557 2413 1723 2447 adderen-

254 2469 330 2500 424.
345 2466 431 2501 Ant.
447 2467 510 2501 Ch.
525 2470 604 2500 328.
1017 2472 1094 2499 tur:
1116 2466 1165 2507 id,
1185 2476 1262 2499 cum
1275 2467 1422 2498 Senatus
1438 2466 1546 2498 omnis
1561 2474 1653 2507 aegrc
1670 2469 1725 2498 tu-

299 2517 314 2539 b
336 2518 377 2551 L.
390 2528 462 2550 vero
478 2517 658 2559 Philippus]
681 2518 735 2550 Ex
750 2520 853 2559 gente
869 2517 963 2549 Mar·
1017 2518 1070 2557 lit,
1100 2522 1171 2550 tum
1200 2517 1347 2549 maxime
1369 2517 1497 2548 Consul
1528 2516 1724 2558 Philippus,

257 2567 310 2600 cia
324 2569 451 2600 Consul
463 2579 540 2601 cum
558 2568 638 2601 Sex.
652 2568 745 2602 Julio
762 2568 910 2600 Caesare.
1016 2569 1072 2611 qni
1094 2568 1211 2599 multis
1227 2568 1271 2599 de
1289 2567 1401 2599 causis
1429 2568 1547 2599 Druso
1567 2566 1723 2599 infensus
1791 2573 1797 2578 '

300 2624 314 2641 ‘²
336 2620 577 2662 Segnitiempro
592 2620 735 2662 Rostris]
748 2620 878 2652 Drusus
887 2620 963 2652 Tri·
1016 2623 1115 2659 erat;
1138 2618 1286 2660 ideoque
1313 2618 1347 2649 in
1373 2617 1553 2658 Senatum,
1575 2617 1667 2659 quod
1687 2617 1723 2650 id

258 2669 370 2702 bunus
400 2671 512 2712 plebis
539 2672 651 2713 legem
676 2672 817 2712 tulerat,
846 2675 883 2703 ut
919 2670 963 2703 ad
1018 2674 1211 2712 pateretur,
1222 2668 1349 2701 acriter
1370 2667 1528 2700 invectus
1544 2672 1609 2701 est.

259 2725 449 2763 trecentos,
471 2722 530 2765 qui
555 2727 628 2755 tum
654 2727 753 2755 erant
768 2722 966 2764 Senatores,
