1878 3132
281 176 369 221 906
740 195 745 199 ·
911 184 1092 218 ΕΡΙΤΟΜ
1105 185 1131 218 u

280 289 400 329 bant.
473 283 645 327 Gnaeus
683 283 744 326 ob
783 282 954 336 insigne
988 284 1106 326 naevi
1126 287 1162 307 ²²
1208 281 1461 338 appellatus
1494 284 1590 339 est3
1630 280 1754 337 quod

279 367 419 397 unum
440 365 701 408 praenomen
715 352 839 394 varia
862 352 1085 407 scriptura
1100 354 1292 394 notatur.
1328 349 1421 393 Alii
1433 349 1550 392 enim
1566 349 1753 400 Naeum,

278 423 357 466 alii
377 421 589 473 Gnaeum,
621 421 698 463 alii
734 420 918 463 Cnaeum
955 421 1170 463 scribunt.
1231 419 1324 472 Qui
1359 419 1404 463 G
1433 418 1562 461 litera
1586 418 1634 460 in
1661 417 1750 460 hoc

275 491 551 548 praenomine
571 492 763 542 utuntur,
786 489 1100 545 antiquitatem
1120 490 1254 545 sequi
1274 488 1495 540 videntur,
1515 500 1618 543 quae
1638 486 1751 529 mul-

276 566 373 604 tum
405 573 460 603 ea
491 560 622 602 litera
652 573 740 602 usa
773 564 859 601 est.
921 559 1042 602 Olim
1062 559 1179 602 enim
1200 558 1411 601 dicebant
1444 556 1750 611 fragmentum,

273 642 391 671 nunc
439 628 706 670 frumentum
744 627 988 682 profertur:
1037 630 1083 669 et
1120 616 1322 682 gnatum,
1361 624 1499 668 modo
1538 627 1748 666 natura.²³

274 698 418 752 Igitur
452 698 589 740 etiam
624 696 700 751 qui
739 695 787 737 in
818 696 1080 750 corporibus
1113 708 1272 738 naevus
1311 694 1430 749 gigni
1464 693 1592 744 solet,
1624 703 1750 746 gnoe-

272 779 358 808 vus
371 771 410 798 ²4
447 765 777 820 appellabatur.
858 762 952 815 Qui
991 763 1029 806 C
1064 768 1250 819 ponunt,
1290 763 1568 818 corruptione
1581 765 1616 792 ²⁵
1655 759 1749 816 syl-

272 835 391 877 labae
432 833 642 876 delectari
681 833 911 875 videntur:
954 833 1032 887 qui
1063 832 1223 883 NaeuS,
1262 831 1489 874 lenitatem
1521 829 1639 873 velle
1672 828 1749 884 Ju-

272 904 488 946 dicantur.
549 901 658 945 Gaii
678 901 786 944 dicti
821 915 850 944 a
881 901 1048 956 gaudio
1084 904 1347 956 parentum:
1378 898 1503 950 Auli,
1532 899 1610 954 qui
1641 897 1751 940 Diis

272 971 497 1015 alentibus
529 974 797 1012 nascuntur:
835 969 999 1021 Marci,
1036 969 1206 1011 Martio
1237 980 1387 1010 mense
1426 966 1588 1020 geniti:
1623 966 1759 1019 Pub-¹

270 1040 338 1091 lii,
368 1041 446 1096 qui
477 1041 602 1095 prius
635 1041 797 1099 pupilli
828 1039 940 1082 facti
975 1042 1111 1090 erant,
1140 1051 1275 1094 quam
1306 1036 1586 1092 praenomina
1610 1034 1747 1079 habe-

272 1114 401 1163 rent3
432 1110 510 1153 alii
530 1111 690 1153 ominis
712 1122 870 1162 causa,
891 1121 949 1151 ex
979 1108 1111 1163 pube.
1171 1105 1337 1149 Tiberii
1370 1103 1562 1147 vocitari
1593 1116 1747 1159 coepe-

268 1183 387 1230 runt,
410 1179 490 1234 qui
511 1180 569 1222 ad
602 1179 802 1222 Tiberim
819 1177 856 1204 ²⁶
884 1177 1200 1219 nascebantur.
1259 1173 1406 1224 Titus,
1428 1185 1454 1214 e
1473 1171 1645 1215 Sabino
1664 1185 1750 1214 no·

270 1247 388 1290 mine
409 1247 584 1290 Titurio
607 1247 815 1290 fluxitz²⁷
858 1245 1056 1300 AppiuS,
1094 1244 1151 1287 ab
1175 1242 1283 1285 Atto
1316 1241 1517 1298 ejusdem
1550 1240 1746 1295 regionis

268 1317 553 1369 praenomine.
614 1316 838 1360 Kaesones
858 1314 1074 1370 appellati
1096 1317 1216 1363 sunt,
1237 1311 1314 1366 qui
1341 1324 1366 1353 e
1386 1309 1576 1352 mortuis
1596 1309 1746 1353 matri-

909 1413 1151 1427 Omdmm

269 1472 411 1515 scripsit,
428 1474 508 1515 quod
523 1483 551 1505 c.
567 1474 735 1513 intortum,
750 1475 894 1515 &cn—22
918 1471 1010 1504 Edd.
1026 1474 1107 1503 ante
1123 1469 1228 1511 Pigh.
1243 1467 1280 1500 ob
1295 1467 1453 1508 insignem
1475 1475 1563 1502 rem:
1588 1463 1688 1514 Lem?
1711 1466 1744 1496 3.

268 1517 306 1549 ob
319 1517 443 1557 insigne
458 1518 627 1550 novi.-—-23
651 1518 660 1535 ‘
675 1516 822 1549 Auctior
838 1516 951 1548 adhuc
981 1525 1050 1547 uno
1074 1513 1235 1555 exemplo
1253 1511 1391 1543 videtur
1410 1518 1487 1542 esse
1511 1509 1637 1549 Copes.
1659 1508 1745 1541 licet

268 1565 433 1602 corrupte
448 1561 498 1592 ita
514 1560 660 1592 habeat:
693 1560 779 1592 Olim
801 1559 885 1592 em‘m
908 1559 1072 1591 dicebatur
1077 1558 1292 1598 frucmentum
1307 1558 1339 1586 et
1354 1553 1482 1594 feretur
1496 1556 1527 1584 et
1535 1550 1651 1591 soritis
1662 1559 1744 1583 nunc

262 1604 365 1643 fortis
379 1608 416 1635 et
431 1608 563 1636 enatura
580 1614 662 1636 nunc
675 1606 804 1636 natura.
847 1604 954 1635 Forte
968 1603 1041 1635 olim
1056 1602 1139 1634 enim
1150 1599 1274 1632 dicebat
1277 1599 1502 1638 frugmeutum
1508 1605 1591 1628 nunc
1597 1593 1743 1633 frum

266 1651 335 1680 tum
349 1647 495 1690 effertur,
519 1651 550 1679 et
567 1647 692 1687 forgtis
716 1657 797 1679 nunc
814 1645 927 1689 fortis,
942 1649 975 1678 et
992 1649 1135 1686 gnatum
1156 1654 1237 1675 nunc
1257 1646 1389 1675 natura:
1413 1648 1538 1681 nempe
1543 1639 1743 1688 frumen-tum

265 1701 344 1723 cum
378 1691 492 1733 repeti
524 1691 669 1723 deberet
700 1690 816 1722 omisit
851 1690 1037 1722 librarius:
1085 1687 1271 1720 secundum
1313 1685 1387 1726 ejus
1419 1692 1502 1715 vero
1533 1685 1742 1731 sententiam

267 1734 401 1776 antiqui
430 1735 533 1766 litera
567 1745 583 1765 c
609 1735 753 1766 multum
784 1733 848 1774 usi,
877 1733 1031 1775 quamvis
1054 1731 1160 1763 etiam
1195 1728 1279 1761 illud
1317 1737 1433 1760 verum
1460 1726 1520 1766 sit,
1546 1729 1584 1757 ut
1610 1723 1743 1763 fuciunt

266 1787 329 1819 pro
346 1777 482 1818 fugiunt
509 1782 545 1810 et
573 1777 708 1817 similia,
724 1782 838 1809 tamen
865 1777 900 1809 in
927 1777 992 1809 hoc
1017 1774 1158 1816 negotio
1185 1783 1254 1805 non
1282 1771 1458 1813 approbo:
1487 1778 1563 1800 nam
1574 1767 1742 1809 fragmen-

266 1825 334 1853 tum
369 1821 498 1853 dicitur
525 1821 623 1863 quasi
645 1821 886 1862 srugementum
915 1830 935 1852 a
957 1816 1135 1859 frugibus.⁸
1166 1817 1326 1848 Perizou.
1382 1814 1470 1845 Cum
1504 1812 1630 1852 Copes.
1660 1819 1743 1842 eon·
1806 1841 1809 1843 ,

266 1864 362 1896 venit
378 1864 488 1896 Paris.
510 1865 700 1906 prium—24
727 1865 781 1896 Ita
805 1863 949 1906 Pighius
966 1872 985 1894 e
1001 1866 1072 1894 vet.
1088 1860 1188 1894 codd.
1214 1864 1296 1891 ante
1311 1867 1389 1890 eum
1413 1856 1527 1898 vulgg.
1550 1855 1584 1904 iu
1609 1865 1637 1886 c.
1651 1863 1688 1894 g.
1714 1863 1741 1885 s.

271 1908 403 1940 Gnaeus.
428 1908 437 1926 ‘
453 1908 564 1940 Recte
582 1908 705 1949 Copes.
730 1917 807 1940 cum
831 1906 912 1939 edd.
929 1909 1016 1938 vett.
1033 1905 1163 1937 omittit
1178 1912 1297 1941 nemus,
1313 1911 1379 1933 nec
1395 1900 1484 1932 enini
1501 1897 1744 1947 desideratur-..³

267 1951 418 1983 Perizon.
466 1951 610 1983 Omittit
633 1952 735 1983 etiam
760 1951 841 1983 Par.
864 1952 981 1983 1.-25
1005 1949 1015 1967 ‘
1031 1948 1158 1991 Copes.
1175 1942 1444 1988 correptiones-rb
1458 1943 1654 1992 corruptione
1666 1939 1741 1971 dih·

266 1999 389 2035 genter
403 1998 542 2027 servant
557 2004 675 2027 omnes
691 1994 780 2027 Edu.
798 1999 876 2036 post
892 1992 1050 2034 Pighium
1065 2002 1073 2024 :
1102 1994 1259 2023 extrema
1274 1989 1324 2021 ita
1340 1986 1522 2020 constituit
1537 1983 1680 2034 P¹.g¹¹¹¹¹.⁵
1696 1991 1741 2015 ex

266 2048 335 2070 uno
353 2039 538 2080 Campensi
555 2038 632 2070 cod.
650 2043 731 2070 ante
747 2048 825 2069 eum
838 2036 945 2069 fuisse
962 2039 1120 2077 apparet,
1133 2034 1187 2075 qui
1204 2033 1307 2065 Naeus
1325 2030 1486 2080 levitatem
1504 2027 1742 2067 Gaizjudrcant

266 2092 285 2112 a
298 2083 416 2122 gaudio
441 2084 605 2122 parentum
619 2082 697 2113 dicti
710 2093 721 2119 ,·
746 2091 823 2113 cum
848 2090 916 2122 qno
934 2079 1007 2111 fere
1024 2077 1199 2111 consentit
1215 2077 1341 2117 Copes.
1356 2074 1421 2105 msi
1439 2071 1530 2114 quod
1547 2070 1650 2119 paulo
1665 2079 1740 2102 cor-

267 2125 405 2157 rectius.
454 2125 518 2161 Qui
534 2125 634 2157 Noeus
649 2126 779 2157 lenitate
797 2126 823 2156 C
831 2123 1019 2164 judicantur
1030 2123 1110 2154 dicti
1120 2131 1140 2153 a
1152 2120 1269 2160 gaudio
1278 2120 1456 2167 parentum,
1467 2124 1544 2165 quoe
1557 2111 1740 2146 manifeste

266 2168 398 2200 ducunt
414 2167 458 2199 ad
475 2178 590 2199 veram
608 2169 825 2210 scripturam,
840 2177 918 2209 qnae
935 2166 1009 2198 liaec
1026 2170 1080 2197 est
1095 2175 1103 2196 :
1124 2163 1189 2201 Qui
1205 2158 1547 2200 Naeuslemtate(sm1.
1560 2157 1739 2207 delectan-

266 2211 340 2254 tur)
359 2211 432 2243 Caii
446 2221 517 2243 vero
524 2211 712 2251 judicantur
722 2212 801 2244 dicti
816 2221 836 2242 a
848 2211 966 2251 gaudio
979 2212 1157 2250 parentum.
1203 2206 1318 2238 Etiam
1330 2203 1529 2244 corruptione
1540 2203 1688 2250 appetet
1704 2209 1739 2249 ψ

267 2255 322 2288 ed.
336 2265 413 2297 quae
430 2254 531 2295 Pigh.
547 2264 614 2286 non
631 2255 788 2297 sequitur
803 2255 836 2285 in
855 2253 957 2286 Anet.
974 2253 1071 2291 Ling.
1087 2252 1164 2283 Lat.
1204 2250 1269 2286 Qui
1294 2249 1383 2281 Neus
1404 2246 1545 2295 levitate,
1571 2244 1632 2295 (1η.
1651 2243 1739 2284 ,μιαι-

266 2302 378 2331 cantur-
391 2299 471 2330 Par.
488 2301 520 2330 1.
560 2298 720 2330 levitatem
736 2299 919 2329 indicantur
939 2295 1019 2328 dicti
1035 2294 1133 2327 Leid.
1154 2296 1185 2326 3.
1224 2292 1386 2324 levitatem
1417 2289 1496 2321 Gavi
1520 2289 1703 2320 inducantur
1718 2295 1740 2318 u

264 2342 384 2382 gaudio
394 2344 559 2383 parentum
573 2341 653 2374 dicti
666 2341 793 2383 Ultraj.
810 2343 929 2374 2.—26
953 2338 1042 2371 Edd.
1058 2343 1138 2370 ante
1151 2336 1252 2377 Pigh.
1259 2336 1381 2379 flumen
1398 2332 1636 2383 Tiberim—{37
1659 2330 1670 2347 ‘
1683 2329 1741 2375 Itu

266 2385 355 2418 fecit
370 2395 414 2417 ex
437 2385 634 2427 conjectura
656 2385 799 2425 Pighius
824 2394 903 2415 cum
925 2383 960 2414 in
983 2391 1053 2414 uno
1075 2381 1154 2414 cod.
1181 2380 1373 2412 invenisset
1398 2377 1469 2408 Tito
1490 2374 1640 2425 reflufctt:
1658 2376 1739 2422 aute

267 2439 345 2461 eum
369 2428 538 2461 edebatur
557 2428 628 2460 Tito
635 2428 751 2469 fluxit.
778 2428 905 2469 Copes.
931 2425 1060 2458 habet:
1091 2425 1186 2457 Titus
1207 2433 1224 2455 e
1250 2421 1367 2454 Sabino
1388 2419 1512 2470 nornine
1533 2418 1608 2469 Tuto
1620 2415 1737 2458 fluxtt.

265 2473 412 2505 Sensus:
445 2471 551 2504 Titum
570 2481 749 2513 proenomen
773 2471 948 2502 Romanum
962 2472 1065 2500 ortum
1087 2477 1151 2500 esse
1170 2477 1190 2499 a
1216 2466 1334 2498 Sabino
1349 2473 1473 2496 nomme
1501 2461 1585 2510 Tito.
1631 2460 1737 2491 Forte

267 2516 371 2548 etiam
386 2516 502 2557 legere
519 2515 668 2556 poteris:
704 2515 797 2546 Titus
811 2524 830 2545 a
845 2513 961 2545 Sabino
975 2511 1097 2543 homine
1114 2511 1186 2543 Tito
1198 2509 1324 2551 fluxit;
1352 2511 1391 2539 ut
1407 2506 1500 2539 dicat
1516 2505 1664 2545 aliquem
1679 2502 1738 2534 ho-

266 2560 394 2591 minem
409 2559 499 2600 apud
513 2558 656 2590 Sabinos
673 2558 779 2590 Titum
794 2557 1022 2599 appellatum,
1037 2554 1115 2586 inde
1136 2557 1249 2585 ortum
1266 2560 1340 2583 esse
1357 2550 1439 2582 illud
1457 2555 1672 2597 praenomen‚·
1683 2545 1738 2576 vel

266 2606 306 2634 n‘t
329 2612 406 2634 cum
436 2603 559 2634 Verrio
588 2603 784 2642 conveniat,
813 2599 903 2643 quod
930 2608 1025 2640 saepe
1053 2596 1150 2637 facit,
1176 2596 1266 2628 Titus
1293 2604 1309 2626 e
1334 2593 1466 2644 Supina·
1479 2599 1603 2641 nomme
1631 2588 1739 2621 Tutulo

258 2645 374 2688 fluxit.
408 2645 497 2677 Vide
521 2645 615 2677 Fest.
640 2646 674 2676 in
688 2654 773 2677 voce
793 2645 904 2676 Titus.-
928 2647 964 2674 et
980 2650 1062 2674 sane
1086 2639 1170 2672 illud
1187 2639 1297 2670 multo
1320 2635 1534 2686 verisimilius
1553 2637 1620 2669 est,
1635 2640 1737 2682 qnam

267 2698 468 2730 praenomen
495 2689 585 2720 Titus
614 2694 726 2720 ortum
744 2698 764 2720 a
779 2687 914 2719 nomine
936 2684 1127 2718 Gentilicio
1154 2681 1309 2721 Titurius,
1331 2684 1370 2712 ut
1395 2682 1513 2719 mepte
1529 2674 1738 2729 virltPlgh13

267 2742 321 2771 us,
351 2732 440 2773 quod
471 2732 586 2773 potius
618 2742 636 2764 e
670 2732 740 2764 Tito
769 2729 964 2769 descendit,
993 2733 1032 2761 ut
1057 2725 1298 2768 ‘Calpurnius’
1319 2733 1339 2755 a
1362 2719 1726 2771 ‘Calpossmeai-ms

270 2786 290 2807 a
305 2777 314 2794 ‘
331 2775 442 2808 Pino.'
465 2775 611 2809 Perizon.
657 2773 774 2807 Sabino
795 2774 916 2806 nomine
939 2772 1023 2814 Tito,
1039 2774 1182 2804 'servant
1210 2766 1311 2801 codd.
1337 2767 1546 2799 Torremam.
1592 2761 1676 2794 Mox
1696 2759 1735 2791 ab
