1878 3132
290 169 381 213 640
697 181 910 212 VAnan
944 179 1142 214 MAX1M1
1179 181 1274 212 ms.
1309 181 1374 213 v1.

290 281 505 323 nifestum
525 281 632 331 erat,
652 279 755 322 illos
774 277 947 322 vitandi
967 279 1206 334 praesentis
1226 278 1412 335 periculi
1439 279 1584 334 gratia
1600 279 1765 325 falsum

290 350 529 405 legationis
559 362 719 392 nomen
752 348 981 403 amplecti,
1011 353 1064 390 ut
1097 348 1293 391 Romani
1323 349 1604 404 imperatoris
1620 354 1654 383 ¹⁷
1682 363 1768 406 po-

292 419 383 462 tius
404 419 595 474 decepta
613 418 741 470 fides,
757 431 895 473 quam
916 417 1079 460 frustra
1099 418 1334 472 implorata
1351 417 1645 473 judicaretur.

348 491 392 532 5.
425 489 821 544 Repraesentemus
841 487 977 529 etiam
997 487 1109 530 illud
1142 490 1324 529 senatus
1343 487 1468 530 nullo
1495 487 1630 530 modo
1652 500 1766 543 prae-

289 559 616 602 termittendum
629 557 660 582 ¹⁸
692 570 821 612 opus.
881 555 1078 610 Legatos
1100 556 1156 598 ab
1176 557 1286 598 urbe
1308 555 1552 612 Apollonia
1570 555 1766 599 Romam

290 629 471 679 missos,
514 626 604 679 Qu.
629 627 796 669 Fabius
834 629 876 668 et
909 625 992 668 Cn.
1013 623 1246 680 Apronius
1280 625 1488 676 aediles,¹9
1517 627 1615 667 orta
1656 636 1766 667 con-

291 698 504 747 tentione,
532 696 840 751 pulsaverunt.
901 693 1041 747 Quod
1061 695 1139 736 ubi
1170 694 1403 750 comperit,
1437 693 1648 736 continuo
1682 705 1764 736 eos

289 779 368 821 per
387 765 572 808 feciales
591 765 750 819 legatis
772 763 961 815 dedidit,
993 766 1007 784 ‘
1023 767 1384 819 quaestoremque
1406 774 1508 804 cum
1527 761 1598 804 his
1618 762 1766 805 Brun-

291 834 466 877 dusium
486 835 550 876 ire
566 835 576 852 ’
599 834 765 889 jussit3
811 846 868 875 ne
888 845 1024 888 quam
1056 832 1102 874 in
1131 832 1290 874 itinere
1315 844 1343 873 a
1364 829 1567 886 cognatis
1588 830 1765 873 dedito·-

289 916 385 945 rum
419 903 625 958 injuriam
655 902 930 957 acciperent.
991 901 1129 944 Illam
1160 900 1343 943 Curiam
1376 900 1632 942 mortalium
1663 898 1764 954 quis

290 972 586 1023 concilium‚²0
615 985 668 1014 ac
699 984 788 1013 non
812 970 944 1015 Fidei
963 970 1176 1026 templum
1199 970 1397 1012 dixerit'i
1445 968 1598 1020 Quam
1629 971 1683 1009 ut
1701 967 1764 1009 ci-

288 1040 408 1082 vitas
428 1045 576 1083 nostra
597 1052 773 1095 semper
791 1039 1031 1094 benignam
1066 1038 1293 1094 praestitit,
1319 1037 1385 1080 ita
1411 1038 1459 1079 in
1471 1039 1506 1060 ²¹
1537 1036 1762 1079 sociorum

289 1121 470 1165 quoque
491 1109 653 1151 animis
673 1113 955 1152 constantem
972 1108 1248 1163 recognovit.

897 1244 1158 1276 EXTERNA.

348 1344 388 1385 l.
420 1343 541 1386 Nam
572 1348 677 1399 post
708 1343 896 1385 duorum
909 1340 976 1367 ²²¹¹
1005 1342 1052 1384 in
1088 1341 1317 1398 Hispania
1346 1341 1628 1397 Scipionum,
1658 1340 1763 1383 toti-

287 1411 481 1468 demque
514 1412 713 1454 Romani
746 1412 970 1466 sanguinis
1006 1411 1284 1454 exercituum
1318 1409 1620 1453 miserabilem
1647 1413 1764 1453 stra—

289 1493 400 1537 gem,
423 1481 661 1536 Saguntini
682 1482 944 1525 victricibus
965 1481 1240 1524 Hannibalis
1261 1478 1416 1523 armisi
1458 1479 1576 1522 intra
1590 1477 1764 1521 moenia

904 1581 945 1594 υ

287 1656 323 1688 in
338 1656 446 1688 Barb.
463 1659 496 1689 2.
520 1656 710 1698 ascriptum
726 1660 780 1688 est
805 1656 915 1688 literis
938 1655 1172 1688 minutissimis
1193 1659 1359 1698 tanquam
1384 1654 1511 1696 glossa.
1555 1652 1669 1686 Paulo
1684 1656 1767 1695 post

287 1701 370 1732 Vet.
392 1701 572 1732 vocabulum
587 1700 731 1742 amplecti
740 1710 751 1737 ,·
777 1700 868 1732 unde
883 1700 977 1742 Lips.
994 1700 1083 1740 conj.
1098 1699 1271 1731 velabulum
1285 1697 1446 1740 amplecti.
1490 1696 1542 1730 At
1554 1696 1635 1729 vide
1649 1697 1763 1729 Tacit.

287 1742 379 1776 Ann.
395 1753 421 1775 1.
438 1747 470 1776 3.
495 1748 531 1776 et
546 1744 619 1775 Cic.
636 1744 681 1776 de
706 1744 751 1776 N.
767 1744 813 1774 D.
833 1753 860 1775 1.
875 1745 1015 1775 15.-1⁷
1039 1743 1126 1784 Cop.
1141 1747 1287 1784 uterque
1303 1741 1400 1773 Med.
1416 1740 1522 1773 Barb.
1547 1740 1647 1782 prim.
1663 1739 1765 1772 Harl.

286 1786 361 1818 Bit.
377 1796 447 1819 sec.
473 1786 572 1819 Leid.
589 1787 690 1828 prim.
717 1793 754 1819 et
769 1787 852 1818 Vet.
878 1787 1014 1818 Romam·
1030 1785 1182 1827 Imperii.-
1203 1785 1304 1817 deest
1326 1785 1431 1826 potius
1455 1784 1490 1815 in
1511 1783 1638 1825 Ultraj.
1661 1783 1763 1825 prim.

286 1832 374 1862 -18
397 1830 509 1862 Bitur.
527 1833 558 1861 1.
580 1830 932 1871 praenuntium—19
954 1832 964 1847 ‘
982 1829 1126 1869 Pighius
1142 1828 1261 1860 aediles
1280 1834 1362 1860 tunc
1385 1836 1445 1859 eos
1467 1825 1574 1859 fuisse
1588 1826 1714 1860 statuit
1727 1826 1764 1861 in

287 1873 384 1905 Fast.
407 1874 451 1905 ad
471 1883 528 1905 an.
543 1875 619 1905 487.
664 1873 734 1905 Hic
760 1877 876 1904 tamen
902 1873 978 1914 ipse
1001 1872 1127 1912 edidit,
1148 1871 1289 1903 aedilicii.
1336 1870 1441 1905 Quod
1457 1870 1596 1902 invenio
1611 1869 1648 1901 in
1664 1869 1765 1902 Harl.

286 1916 416 1958 Ultraj.
445 1917 546 1959 prim.
577 1921 614 1949 et
643 1916 742 1948 Leid.
771 1916 881 1958 quint.
927 1916 1093 1948 Nonnulli
1117 1915 1258 1954 habent,
1283 1915 1327 1946 G.
1354 1913 1515 1957 Apronius
1524 1924 1536 1952 ‚·
1558 1912 1761 1946 Leidaext.

286 1960 432 1992 Marcus.
478 1959 663 1992 Ascensius
678 1964 778 1992 notat
793 1959 879 1991 alios
895 1963 1012 1991 textus
1029 1959 1156 1991 habere
1165 1958 1378 2000 Sempronius.
1423 1957 1530 1989 Multi
1544 1957 1629 1989 Mss.
1642 1956 1764 1989 delent

287 2003 565 2044 conjunctionem
589 2007 634 2042 et,
656 2004 753 2036 Med.
768 2013 839 2035 sec.
865 2007 938 2035 orta
959 2002 1045 2034 inter
1058 2002 1142 2043 ipsos
1155 2000 1376 2034 contentione.’
1394 2001 1539 2032 Torren.
1584 1999 1670 2032 Mox
1692 1999 1762 2042 pul·

286 2050 434 2078 taverunt
450 2047 541 2088 conj.
557 2046 805 2079 Perizon.-—-20
828 2046 912 2078 Vet.
929 2055 1006 2078 cum
1022 2045 1120 2078 Leid.
1136 2045 1246 2088 quint.
1263 2044 1363 2077 Harl.
1387 2048 1425 2076 et
1450 2044 1542 2076 Ultr.
1568 2043 1668 2085 prim.
1687 2052 1761 2075 con-

286 2089 404 2122 silium.
449 2090 520 2122 Pro
535 2100 572 2121 ac
588 2100 650 2122 mm
666 2089 869 2122 Perizonius
885 2099 929 2121 ex
947 2089 1070 2131 Copes.
1085 2089 1182 2121 malit
1203 2099 1258 2129 an,
1274 2091 1311 2120 et
1336 2088 1386 2120 sic
1412 2091 1464 2119 est
1489 2087 1591 2118 etiam
1615 2087 1648 2118 in
1667 2086 1762 2119 Leid.

265 2171 267 2175 y
288 2138 376 2165 sext.
420 2134 578 2167 Quatuor
595 2134 683 2165 Mss.
707 2143 822 2174 annon,
844 2133 936 2165 unde
951 2133 1139 2165 Torrenius
1155 2132 1353 2174 suspicatur
1367 2132 1547 2163 annm—21
1572 2129 1662 2161 Edd.
1681 2133 1765 2162 aute

288 2176 470 2217 Pighinm:
494 2178 543 2208 ita
557 2178 652 2208 etiam
663 2177 709 2216 in,
723 2178 777 2217 «isc.
795 2176 855 2208 sed
870 2175 910 2208 τὸ
924 2176 1022 2208 etium
1036 2186 1104 2208 non
1120 2176 1266 2208 habetur
1281 2175 1316 2206 in
1332 2174 1521 2207 eodm—22
1536 2173 1617 2205 Post
1630 2173 1763 2204 duorum

287 2229 405 2251 omnes
421 2218 495 2252 fere
512 2220 614 2251 codd.
638 2225 674 2251 et
699 2220 779 2251 edd.
803 2225 884 2252 ante
910 2220 1086 2261 Pigffium,
1108 2220 1166 2261 qui
1193 2219 1226 2250 in
1251 2219 1374 2259 Camp.
1401 2216 1556 2249 invenit:
1581 2216 1668 2248 Nam
1688 2219 1762 2256 post

286 2263 441 2300 duonum
464 2263 575 2294 edidit
591 2267 728 2294 tamen:
755 2263 842 2294 Nam
857 2266 930 2295 ante
945 2264 1090 2303 duorum,
1116 2266 1237 2295 contra
1253 2270 1371 2293 omnes
1389 2259 1490 2292 codd.
1518 2259 1578 2301 qui
1600 2263 1761 2291 constan-

289 2310 342 2338 ter
356 2306 482 2338 habent
501 2310 594 2347 post.-
617 2306 719 2348 pauci
735 2306 836 2338 codd.
854 2306 1020 2338 exhibent
1034 2306 1131 2338 Nam.
1176 2304 1371 2337 Dissentire
1386 2307 1502 2336 autem
1515 2302 1571 2334 hic
1583 2301 1760 2334 Valerium

956 2415 1097 2448 NOTAE

330 2503 346 2524 ¹¹
369 2504 450 2536 Post
464 2505 594 2536 duur-um
614 2504 704 2546 [ante
717 2501 863 2543 duorum]
886 2502 1000 2544 Vulgo
1102 2500 1315 2533 ¹Hmmilnilis
1327 2498 1441 2540 armis]
1463 2497 1555 2530 Belli
1571 2495 1762 2529 renovandi

286 2556 415 2598 legitur
428 2557 511 2588 Post
524 2557 667 2596 duorum,
680 2557 733 2597 ᾁτ.
757 2555 815 2598 qui
839 2554 999 2587 manifes-
1053 2552 1199 2594 cupidus
1215 2550 1401 2591 Hannibal,
1414 2547 1623 2590 Saguntinos
1637 2547 1762 2579 Roma·

288 2611 344 2639 tus
360 2617 468 2640 error.
513 2607 601 2641 Quis
617 2608 709 2640 enim
731 2606 844 2639 nescit
865 2606 996 2647 Sagun·
1052 2612 1172 2635 norum
1185 2601 1297 2634 socios
1309 2599 1531 2643 aggreditur:
1541 2599 1685 2641 jamque
1696 2597 1764 2630 dis-

288 2661 362 2690 tum
393 2658 436 2690 ab
464 2658 661 2690 Hannibale
690 2662 770 2691 ante
798 2657 997 2699 Scipionum
1045 2655 1152 2698 jectis
1168 2654 1322 2687 turribus
1338 2657 1374 2685 et
1389 2653 1494 2685 muris
1509 2662 1628 2695 pacem
1644 2649 1761 2692 offert,

289 2708 424 2742 cladem
450 2714 689 2750 expugnatum
711 2719 800 2750 esse,
822 2718 901 2741 cum
916 2707 998 2740 inde
1052 2706 1154 2740 modo
1170 2707 1348 2739 diruerent
1369 2705 1549 2747 oppidum,
1572 2712 1759 2745 aurumque

288 2763 401 2790 ortum
415 2759 459 2791 sit
468 2759 593 2792 bellum
608 2760 779 2793 Punicum
793 2759 998 2792 secundum?
1053 2763 1089 2791 et
1106 2762 1298 2800 argentum,
1314 2760 1386 2790 tum
1401 2756 1573 2799 privatum
1587 2761 1658 2788 tum
1675 2753 1759 2795 pub·
