1878 3132
250 137 338 180 600
641 149 848 180 VALERn
885 149 1080 180 ΜΑΧιΜι
1119 149 1212 180 [ΑΒ.
1240 148 1305 182 νι.

250 258 338 287 non
358 244 608 296 dubitabat,
629 245 738 299 quin
758 250 938 300 propter
959 249 1048 287 tam
1071 249 1238 287 arctam
1258 244 1532 298 affinitatem,
1549 246 1720 302 aliquid

251 327 334 369 pro
357 313 580 355 interfecti
603 313 845 355 necessarii
875 314 1088 355 memoria
1119 313 1574 357 miserabiliteresset
1593 315 1724 358 locu-

251 386 395 424 turus.
451 379 516 424 At
546 382 587 424 is
616 381 743 436 ‘jure
778 395 881 424 eum
917 395 1089 425 caesum
1127 383 1270 425 videri
1288 382 1298 399 '
1326 384 1574 438 respondit.
1634 383 1722 428 Cui

251 449 372 492 dicto
388 454 423 481 ¹4
451 463 551 492 cum
573 450 729 492 concio
750 450 983 493 tribunicio
996 451 1140 493 furore
1160 452 1373 494 instincta
1389 452 1605 494 violenter
1620 465 1723 495 suc-

252 519 547 570 clamasset,'⁵
579 523 591 541 ‘
614 518 845 568 Taceant,'
858 519 1016 575 inquit,
1035 520 1228 575 ‘quibus
1249 520 1386 563 Italia
1412 534 1610 563 noverca
1627 519 1723 563 est?

253 587 365 630 Orto
399 587 558 630 deinde
594 600 828 638 murmure,
852 591 865 609 ‘
883 588 991 630 Non
1027 588 1262 639 efficietis,’
1295 590 1374 640 ait,
1396 593 1474 631 ‘ut
1500 590 1675 631 solutos
1690 588 1725 616 ¹⁶

251 669 419 708 verear,
438 669 554 712 quos
575 657 784 710 alligatos
815 656 1021 699 adduxi!
1080 657 1322 699 Universus
1351 658 1547 712 populus
1566 658 1724 700 iterum

253 726 310 767 ab
328 738 417 766 uno
434 724 760 767 contumeliose
781 729 1013 780 correptus
1034 730 1127 768 erat
1145 725 1362 781 (quantus
1385 730 1456 769 est
1477 726 1616 768 honos
1635 726 1724 768 vir-

252 795 361 837 tutis
374 792 408 850 ἔ)
437 797 481 836 et
510 794 650 836 tacuit
666 799 699 825 ¹⁷
730 797 962 837 actutum.‡
1023 794 1200 836 Recens
1229 795 1417 837 victoria
1448 795 1597 850 ipsius
1626 793 1725 836 Nu-

252 862 467 914 mantina,
508 867 555 903 et
588 861 731 916 patris
766 861 1084 913 Macedonica,
1118 862 1397 918 devictaeque
1438 862 1724 917 Carthaginis

253 931 376 973 avita
405 929 605 984 spolia‚¹⁸
637 943 694 972 ac
715 930 903 972 duorum
937 944 1089 985 regum
1120 931 1344 986 Syphacis
1374 936 1418 974 et
1448 932 1600 974 Persae
1623 934 1725 974 ante

254 998 543 1054 triumphales
576 1011 726 1040 currus
763 1003 952 1049 catenae,
975 1000 1174 1041 cervices
1205 1004 1308 1041 tunc
1341 1000 1477 1042 totius
1510 1000 1725 1055 forifpre-

254 1072 476 1118 mentes,¹⁹
503 1080 582 1109 ora
600 1067 867 1111 clauserunt.
929 1067 1029 1109 Nec
1050 1069 1194 1110 timori
1215 1068 1367 1110 datum
1386 1073 1458 1111 est
1475 1068 1696 1110 silentium
1713 1082 1726 1121 ;

256 1136 337 1180 sed
360 1131 485 1192 ‘quia
521 1135 742 1178 beneficio
775 1136 974 1178 AEmiliae
1011 1135 1320 1192 Corneliaeque
1337 1142 1374 1162 ²0
1413 1137 1560 1191 gentis
1597 1135 1727 1179 multi

876 1235 1115 1248 ‘necturae‘

255 1301 477 1335 sissima-hu
502 1300 602 1341 Cujus
628 1299 712 1332 dicto
740 1300 820 1333 edd.
847 1305 928 1334 ante
952 1301 1055 1344 Pigh.
1080 1302 1196 1344 quiex
1212 1301 1313 1334 codd.
1341 1301 1438 1333 dedit
1463 1301 1525 1334 Cui
1539 1301 1636 1341 dicto,
1658 1309 1727 1343 quo

257 1356 335 1378 cum
351 1344 437 1377 facit
450 1345 552 1385 longe
568 1343 716 1375 maxima
739 1352 819 1385 pars
844 1344 947 1377 codd.
962 1345 1192 1378 'sonem—15
1218 1344 1337 1377 Codex
1355 1345 1514 1377 Perizon.
1541 1354 1619 1376 cuim
1643 1344 1730 1377 Vet-

253 1389 403 1421 tontinuo
425 1391 452 1420 t.
468 1387 501 1426 f.
524 1387 669 1419 instincti
691 1398 721 1419 v.
744 1388 1006 1427 succlamassent;
1029 1389 1143 1421 Bitur.
1162 1391 1192 1420 1.
1218 1388 1349 1420 Medic.
1367 1391 1397 1420 1.
1413 1393 1449 1420 et
1465 1388 1563 1420 Leid.
1575 1390 1607 1419 2.
1623 1387 1726 1419 etiam

258 1432 427 1469 cautinum
448 1430 578 1463 Medic.
595 1433 627 1462 1.
651 1430 765 1464 Bitnr.
782 1434 813 1463 1.
830 1434 863 1463 2.
887 1436 924 1464 et
939 1431 1044 1465 Barb.
1061 1435 1090 1464 1.
1112 1432 1372 1467 succlamassent5
1395 1432 1521 1472 Copes.
1545 1430 1728 1468 tribunicia,

258 1476 348 1517 quod
366 1474 568 1506 Perizonius
583 1473 740 1514 praefert.
785 1474 870 1506 Mox
888 1475 921 1506 in
938 1474 1081 1507 eodeni:
1107 1476 1254 1514 Taceant,
1276 1475 1391 1516 inquit,
1405 1475 1464 1513 illi,
1486 1474 1611 1516 quibu,
1629 1474 1729 1514 &ce-

259 1515 302 1551 16
325 1518 439 1557 Bitur.
462 1519 495 1549 2.
518 1521 554 1549 ut
566 1527 621 1549 vos
642 1518 771 1549 solutos.
816 1517 904 1550 Tum
921 1516 1023 1550 Leid.
1041 1521 1072 1551 4.
1095 1528 1170 1560 quos
1194 1518 1407 1558 ἢέσται-17
1433 1518 1475 1550 ln
1491 1517 1569 1550 cod·
1583 1515 1732 1554 schotti,

259 1565 299 1594 ut
316 1561 403 1594 Obs.
426 1556 534 1593 Hum.
550 1569 609 1593 ιιι.
627 1562 681 1592 32.
705 1561 781 1603 ipse
796 1564 961 1598 testatur,
983 1561 1034 1594 sic
1049 1560 1134 1593 fuit:
1159 1572 1188 1594 c.
1204 1564 1273 1593 erat
1297 1562 1352 1603 (q.
1367 1564 1435 1593 erat
1450 1562 1480 1594 Ιι.
1498 1560 1629 1592 virtutis
1638 1558 1677 1599 l)

260 1605 384 1643 menie,-
406 1603 511 1646 quod,
525 1602 638 1646 inquit
652 1604 771 1647 Vorst..
793 1604 994 1637 concinnius
1011 1609 1065 1637 est
1080 1615 1182 1647 quam
1205 1604 1235 1636 si
1259 1605 1394 1644 legatur
1411 1614 1472 1646 per
1487 1602 1731 1645 interrogatio·

259 1652 351 1687 nem,
372 1659 403 1690 q.
427 1649 498 1680 erat
512 1646 544 1679 h.
560 1645 714 1681 virtutis?
737 1651 773 1680 et
801 1647 873 1679 sine
888 1651 933 1689 et,
956 1653 995 1680 ut
1018 1646 1120 1691 Pigh.
1143 1652 1179 1680 et
1203 1646 1261 1680 alii
1286 1647 1430 1680 dedere.
1451 1650 1592 1680 actutum
1614 1651 1730 1679 tamen

260 1692 320 1724 ine
345 1701 423 1723 cum
449 1687 572 1732 Pighio
598 1691 756 1723 retinuit.
801 1691 907 1723 Barb.
923 1694 954 1723 1.
979 1690 1111 1724 Medic.
1129 1693 1160 1724 1.
1177 1694 1209 1724 2.
1232 1690 1328 1723 Leid.
1349 1694 1382 1724 2.
1395 1694 1429 1723 3.
1441 1693 1475 1724 4,
1489 1694 1522 1723 5.
1547 1689 1672 1732 Ultraj.
1698 1692 1731 1723 1.

259 1737 293 1768 2.
339 1734 500 1767 Perizon.
524 1744 611 1766 unns
628 1733 760 1766 Douac.
777 1739 813 1766 et
829 1734 925 1775 Mog.
949 1738 1085 1775 quantus
1096 1738 1143 1767 est
1159 1734 1190 1766 h.
1203 1734 1355 1772 virtuti⁸5
1376 1737 1407 1766 et
1422 1734 1523 1766 tacuit
1532 1743 1546 1771 ‚·
1568 1733 1668 1765 Harl.
1693 1737 1731 1766 et

261 1778 350 1811 alter
365 1777 497 1810 Douac.
515 1776 648 1809 vir-tulis
658 1780 789 1813 exacte:
807 1775 910 1809 -Leid,
925 1780 957 1809 6.
972 1778 1104 1810 virtutis
1117 1780 1149 1809 et
1166 1780 1292 1809 actuum
1301 1787 1313 1815 ;
1333 1777 1367 1809 in
1384 1778 1509 1818 Copes.
1524 1777 1730 1808 alterutrum

260 1822 373 1861 deest,
388 1819 455 1852 ⁴sed
481 1818 580 1852 unius
606 1824 720 1852 tamen
749 1820 843 1852 vocis
871 1820 1020 1862 spatium
1048 1826 1112 1862 est,
1141 1830 1209 1862 qua
1238 1824 1415 1861 expuncta
1437 1820 1619 1862 reponitur
1647 1818 1733 1861 quid

261 1864 369 1904 aliud,
392 1864 464 1896 sive
479 1863 592 1905 tacuit,
613 1863 687 1895 sive
701 1866 854 1903 actutum,
882 1874 942 1896 seu
960 1864 1090 1905 potius,
1110 1867 1142 1896 et
1159 1863 1259 1896 tacuit
1270 1874 1284 1902 ‚·
1306 1863 1341 1895 in
1363 1863 1460 1905 Lips.
1483 1873 1618 1906 quoque
1633 1866 1664 1894 et
1679 1872 1733 1895 ac-

260 1911 364 1947 tuum,
387 1912 424 1940 et
439 1907 711 1950 suprascriptum
726 1910 759 1938 et
773 1907 896 1945 lacuit5
917 1906 1060 1939 Mediol.
1081 1909 1112 1939 3.
1133 1918 1164 1948 q.
1192 1911 1238 1939 est
1261 1907 1293 1938 h.
1308 1907 1438 1938 virtutis
1459 1910 1490 1939 et
1509 1910 1658 1944 actuum,-
1681 1908 1731 1938 ta-

261 1952 327 1983 cuit
340 1956 447 1983 ‘recens
461 1950 524 1990 ejus
538 1950 672 1982 victoria
681 1959 695 1987 ;
718 1950 860 1983 Venett.
883 1953 915 1983 et
933 1953 1038 1982 actum
1052 1950 1164 1982 tacuit.
1210 1949 1426 1982 Alterutrum
1441 1950 1554 1981 denuo
1570 1949 1731 1981 omissum

261 1994 402 2036 videtur
417 1993 462 2026 ob
480 1993 740 2026 similitudinem
758 1993 934 2025 literarum
951 1994 984 2025 iu
1000 1996 1032 2025 et
1046 1996 1199 2033 actutum,
1217 1998 1321 2035 atque
1337 1997 1368 2025 et
1383 1994 1495 2025 tacuit.
1533 1993 1544 2011 ‘
1563 1991 1732 2034 Equidem

261 2041 403 2070 actutum
425 2046 560 2079 quoque
586 2036 727 2068 elimare
743 2046 811 2069 non
830 2037 959 2076 ausim;
983 2036 1189 2068 crediderim
1214 2037 1329 2078 potius
1344 2036 1520 2068 Valerium
1536 2035 1731 2076 scripsisse:

262 2084 447 2114 eructatum
461 2081 585 2118 tacuit5
607 2085 760 2111 ceterum
785 2078 885 2112 codd.
909 2090 1027 2111 omnes
1054 2079 1215 2111 videntur
1239 2080 1390 2111 habere:
1413 2082 1549 2121 quantus
1563 2082 1610 2110 est
1623 2078 1732 2118 honos,

262 2124 320 2156 vel
334 2124 444 2165 honor,
465 2132 532 2155 non
555 2126 638 2163 erat,
662 2129 700 2154 ut
725 2123 886 2164 placebat
913 2122 1080 2155 Schotto.’
1105 2122 1321 2155 'sorrow—18
1343 2122 1400 2154 Sic
1425 2132 1468 2154 ex
1493 2121 1620 2154 Canch.
1647 2120 1734 2161 legit

265 2167 422 2208 Pighius.
469 2166 589 2199 Ceteri
605 2175 721 2197 omnes
737 2171 773 2197 et
790 2166 913 2206 scripti
938 2171 973 2198 et
1001 2166 1087 2197 editi
1112 2165 1219 2197 habita
1233 2166 1345 2206 spolia.
1390 2165 1561 2198 Scribitnr
1577 2165 1612 2196 in
1628 2162 1733 2196 codd.

264 2210 340 2243 fere
363 2210 445 2250 hita,
464 2210 502 2252 (i.
517 2218 547 2242 e.
570 2208 705 2250 habitan)
729 2209 818 2240 unde
834 2209 1036 2248 Torrenins,
1061 2209 1141 2240 licet
1162 2209 1296 2248 timide,
1316 2210 1406 2249 conj.
1428 2209 1538 2241 inclita
1556 2207 1670 2249 spolia,
1693 2211 1734 2238 ut

267 2254 360 2297 prior
381 2253 458 2295 syll.
485 2257 630 2295 propter
656 2252 914 2284 similitudinem
943 2252 1182 2284 antecedentis
1210 2252 1392 2284 exciderit.
1440 2249 1589 2283 Praefert
1617 2255 1734 2282 tamen

265 2297 365 2338 auita,
388 2292 559 2338 probante
582 2294 735 2337 Kappio.
780 2294 878 2336 Mog.
905 2305 981 2327 cum
1011 2295 1140 2337 Ultraj.
1164 2299 1197 2327 2.
1223 2295 1501 2336 devictaque.—19
1524 2294 1534 2312 ‘
1551 2293 1608 2325 Ita
1630 2292 1732 2325 codd.

266 2340 542 2384 quatuordecim,
565 2348 671 2380 quare
695 2337 880 2369 'ron-euius
895 2337 928 2369 iu
944 2343 1079 2370 textum
1097 2338 1241 2379 recepit,
1264 2348 1326 2370 nec
1343 2339 1443 2369 aliter
1459 2338 1494 2369 in
1513 2337 1604 2377 Lips.
1617 2336 1733 2368 Than-

266 2383 339 2416 neri
352 2387 420 2415 est.
467 2382 576 2414 Aldus
590 2385 756 2420 catenam,
778 2387 934 2413 ceterum
950 2391 1027 2413 cum
1048 2386 1148 2413 textu
1164 2387 1283 2413 nostro
1299 2381 1484 2413 consentit.
1532 2380 1602 2411 Ms.
1618 2378 1734 2411 Periz.

267 2427 324 2460 ed.
341 2427 438 2468 Mog.
454 2431 491 2458 et
505 2426 586 2458 Vet.
607 2427 783 2466 prementes
797 2434 852 2456 ora
866 2425 1042 2456 omittunt.
1089 2425 1209 2466 Camp.
1227 2430 1262 2456 et
1276 2425 1367 2456 Dan.
1389 2421 1645 2462 catenate-..fori
1661 2421 1736 2461 sre-

269 2470 383 2503 mentis
390 2480 404 2508 ‚·
426 2474 463 2502 et
476 2469 526 2501 sic
541 2468 696 2509 Pighius,
718 2467 861 2499 Colerus
878 2472 914 2499 et
930 2467 1090 2499 Vorstius
1106 2468 1288 2499 dederunt.
1333 2466 1384 2498 At
1397 2473 1512 2499 nostra
1526 2467 1629 2498 lectio
1643 2465 1735 2497 bene

267 2513 396 2545 habet:
423 2513 558 2553 Nempe
581 2516 715 2544 catenae
744 2515 885 2551 regunt,
907 2521 983 2552 quae
1012 2510 1108 2552 quasi
1134 2510 1338 2551 premebant
1363 2510 1451 2542 colla
1473 2509 1592 2551 populi
1607 2508 1642 2539 in
1658 2506 1735 2540 foro

270 2556 523 2595 tumultuantis,
536 2555 646 2597 iisque
667 2554 762 2586 velut
776 2558 858 2585 ante
870 2554 986 2585 oculos
1002 2559 1115 2592 erant,
1130 2552 1325 2586 efficiebant
1341 2556 1380 2584 ut
1394 2553 1546 2594 populus
1557 2550 1674 2583 furens
1690 2559 1734 2582 ne

272 2600 408 2643 quidem
423 2599 585 2632 hisceret.
629 2596 786 2630 Acumen
806 2596 964 2639 quaesivit
979 2596 1161 2629 Valerius!
1184 2597 1381 2637 Kapp.-20
1403 2596 1459 2627 Ita
1474 2594 1576 2627 codd.
1591 2595 1734 2626 Torren-

931 2673 1075 2706 NOTAE

454 2744 469 2779 ss
492 2738 560 2772 An.
572 2739 624 2772 M.
642 2741 739 2773 3924.
785 2738 843 2773 01.
860 2741 933 2772 162.
950 2741 982 2771 3.
1029 2737 1116 2771 Urb.
1135 2738 1174 2772 C.
1191 2740 1268 2772 623.
1291 2736 1375 2771 Ant.
1394 2736 1457 2770 Ch.
1475 2738 1549 2769 129.
