1878 3132
249 190 334 234 530
654 198 865 232 vnnnan
901 199 1095 232 MAxmr
1131 200 1228 232 mn.
1261 200 1324 231 v.

251 299 477 344 nationem
506 296 648 356 patris
670 299 841 356 junxit.
899 297 980 351 At,
1001 297 1178 354 inquit,⁹
1208 297 1366 341 aerario
1396 298 1562 341 abesse
1594 298 1732 342 tribu-

252 382 339 412 nus
367 370 515 426 plebis
545 369 812 425 querebatur
845 367 1099 423 quindecim
1134 367 1277 410 millia
1307 367 1435 410 aeris:
1467 367 1580 410 tanti
1606 379 1732 410 nam-

252 452 341 494 que
372 453 509 495 poena
538 439 663 482 finita
692 442 789 481 est.†
850 438 1087 491 Indignam
1116 439 1358 488 summam,
1380 440 1563 491 propter
1592 448 1728 492 quam

251 508 451 563 populus
492 507 728 550 Romanus
767 507 851 549 tali
892 506 1098 561 principe
1145 510 1331 548 careret.
1390 505 1546 547 Priore
1584 504 1729 547 adbuc

252 578 435 632 querela
455 578 669 628 vibrante,
688 577 778 619 alia
799 576 1014 630 deinceps
1034 575 1270 629 exsurgit!
1328 573 1571 617 Africanus
1592 585 1732 628 supe-⁴

249 646 354 698 rior,
373 660 466 689 non
488 647 630 688 solum
649 650 882 688 contusam
900 650 934 669 ¹0
963 648 1011 686 et
1030 643 1304 686 confractam
1336 643 1440 686 belli
1472 642 1635 684 Punici
1657 654 1729 684 ar-

250 716 335 758 mis
360 715 724 770 Rempublieam,
746 713 826 757 sed
842 726 970 769 paene
993 711 1092 768 jam
1120 724 1409 767 exsanguem,
1431 714 1566 767 atque
1597 709 1731 753 mori—

251 788 411 835 entem,
453 784 739 838 Carthaginis
756 789 786 808 ¹¹
811 782 1037 825 dominam
1066 780 1286 823 reddidit:
1318 780 1450 835 cujus
1478 780 1729 822 clarissima

249 866 385 909 opera
417 853 593 909 injuriis
624 852 857 908 pensando
878 852 1001 894 cives
1018 855 1052 875 ¹²
1082 851 1292 905 ignobilis
1315 863 1413 893 eum
1446 862 1500 891 ac
1532 849 1723 891 desertae

248 923 431 977 paludis
448 923 653 965 accolam
673 923 896 965 fecerunt:
928 920 1119 976 ejusque
1141 919 1379 962 voluntarii
1394 924 1424 949 ¹³
1457 918 1583 960 exilii
1605 930 1729 960 acer-

247 991 435 1034 bitatem
456 1006 544 1034 non
564 992 731 1036 tacitus
762 991 819 1034 ad
849 990 1026 1034 Inferos
1048 990 1163 1041 tulit,
1184 989 1391 1045 sepulcro
1414 1001 1496 1030 suo
1515 987 1697 1031 inscribi
1713 993 1729 1012 ⁶

240 1058 468 1115 jubendo:
518 1071 761 1103 INGRATA.
794 1059 1027 1102 1>Αἰ·1ὶ1Α.<ι
1071 1070 1153 1101 Nu.
1186 1068 1321 1100 ossn.
1354 1067 1571 1108 QUIDEM.
1605 1067 1727 1099 MEA-

248 1139 448 1174 HABES->t
508 1127 647 1180 Quod
668 1129 758 1171 ista
778 1130 859 1171 aut
878 1127 1155 1170 necessitate
1185 1126 1426 1179 indignius,
1449 1128 1526 1167 aut
1545 1125 1727 1180 querela

242 1196 430 1252 justius,
451 1201 529 1240 aut
554 1198 724 1241 ultione
743 1196 1049 1241 moderatius?
1111 1194 1298 1237 Cineres
1329 1194 1371 1236 ei
1392 1206 1497 1236 suos
1525 1194 1726 1248 negavit,

320 1367 437 1400 Priore
451 1368 509 1400 hac
521 1367 755 1410 ingratitudine
769 1367 906 1400 nondum
918 1366 1045 1409 penitus
1056 1365 1236 1406 obliterata,
1251 1364 1314 1397 alia
1325 1363 1422 1397 etiam
1442 1362 1637 1396 admittitur.

865 1472 1103 1488 W

246 1554 333 1586 dem:
356 1554 456 1587 Harl.
472 1554 604 1587 Medic.
621 1557 651 1587 1.
667 1559 705 1587 et
727 1554 863 1597 Gryph.
887 1555 1163 1587 alleviandas—9
1186 1551 1320 1592 Lipsius
1344 1548 1432 1591 legit
1457 1547 1573 1590 inquis,
1595 1546 1724 1589 impro-

244 1597 350 1630 bante
363 1598 524 1640 Kappi03
546 1598 694 1640 inquiunt
709 1598 842 1630 Medic.
858 1598 1007 1640 Linquit
1031 1606 1150 1630 omnes
1176 1595 1233 1628 alii
1256 1594 1357 1627 codd.
1385 1598 1421 1625 et
1443 1593 1522 1624 edd.
1549 1593 1724 1624 vem—10

242 1640 367 1673 Leidd.
383 1644 416 1674 2.
433 1644 463 1675 6.
488 1644 762 1675 concussam—11
799 1641 942 1683 Pighius
971 1641 1005 1672 in
1033 1641 1167 1672 duobus
1192 1638 1296 1671 codd.
1324 1636 1458 1682 reperit
1483 1634 1632 1675 Africae,·
1661 1630 1724 1666 sed

243 1694 363 1716 omnes
388 1684 446 1716 alii
472 1685 572 1717 codd.
596 1690 632 1718 et
659 1685 742 1717 edd.
770 1690 851 1717 ante
878 1684 1038 1726 Pighium
1055 1684 1184 1716 habent
1203 1681 1421 1721 Carthaginis,
1435 1679 1529 1722 qnod
1544 1677 1724 1711 revocavit

243 1728 505 1761 Vorstius.—l2
527 1729 604 1761 ‘Sic
633 1729 754 1769 Camp.
783 1729 913 1761 Cauch.
945 1728 1020 1760 Col.
1048 1727 1174 1759 Ati-eb.
1198 1735 1285 1757 unus
1309 1723 1439 1757 Brand.
1457 1723 1548 1755 Ultr.
1563 1721 1664 1763 prim.
1685 1726 1724 1753 et

242 1771 341 1804 Leid.
368 1776 480 1814 quart.
495 1772 586 1814 quod
603 1776 640 1804 et
656 1773 862 1804 Perizonius
885 1771 1061 1813 probavit.
1082 1771 1145 1802 vici
1161 1769 1336 1801 Winckel.
1353 1777 1438 1800 unus
1454 1765 1585 1798 Brand.
1606 1763 1722 1796 Per-iz.

244 1818 281 1846 et
296 1815 331 1846 in
347 1815 501 1856 margine
519 1816 590 1848 Bit.
609 1815 709 1857 prim.
725 1819 762 1846 et
778 1815 877 1847 Leid.
892 1818 925 1847 7.
943 1814 1034 1857 quod
1053 1813 1127 1846 sine
1144 1813 1251 1845 dubio
1277 1822 1296 1844 e
1328 1811 1443 1852 glossa
1466 1809 1624 1841 additum
1647 1810 1702 1839 est
1714 1818 1725 1840 z

243 1858 326 1889 cives
340 1858 405 1890 vici
420 1858 574 1900 Pighius,
591 1869 692 1901 quem
719 1859 834 1891 Coler.
859 1859 961 1899 Thys.
988 1857 1114 1898 Delpb.
1141 1857 1199 1888 alii
1215 1855 1327 1888 secuti
1346 1858 1449 1886 sunt:
1477 1851 1621 1884 civitatis
1634 1850 1718 1883 Vet.

243 1900 348 1932 Aldd.
372 1907 408 1934 et
425 1902 580 1945 plerique
596 1902 698 1935 codd.
714 1902 859 1934 Torren.
877 1902 960 1943 qnia
976 1901 1020 1933 ad
1036 1900 1188 1941 ignobilis
1204 1898 1419 1937 referebant,
1435 1895 1527 1939 quod
1545 1904 1628 1928 vero
1641 1903 1721 1926 cum

238 1944 366 1985 paludis
381 1947 534 1978 construi
552 1945 671 1978 debet.
715 1944 884 1987 Ignobilis
899 1955 939 1977 ac
962 1944 1102 1976 deserta
1130 1944 1228 1985 palus
1254 1946 1311 1974 est
1337 1941 1532 1980 Liternum,
1555 1937 1721 1980 oppidum

245 1987 458 2029 Campaniae.
502 1989 604 2021 Silius
620 1989 700 2022 Ital.
718 1998 771 2021 vr.
788 1991 865 2021 653.
892 1989 902 2006 ‘
916 1989 1068 2029 stagnosi
1094 1986 1250 2019 Literni!
1275 1986 1387 2017 Recte
1404 1993 1490 2025 ergo
1506 1982 1586 2014 mibi
1600 1980 1721 2013 videor

243 2030 393 2063 edidisse
407 2043 415 2064 ι
441 2032 523 2064 cives
537 2033 684 2073 ignobilis
699 2042 769 2064 eum
783 2042 820 2064 ac
836 2034 967 2064 desertae
981 2032 1105 2073 paludis
1119 2028 1276 2067 accolam?
1289 2030 1345 2071 ἅμ’.
1369 2028 1575 2069 Kapp.-13
1592 2025 1718 2066 Copes.

242 2074 356 2107 Bitur.
372 2078 403 2107 1.
417 2078 449 2108 2.
469 2077 572 2108 Barb.
589 2078 620 2108 1.
632 2079 664 2108 2.
680 2075 810 2108 Medic.
827 2078 858 2107 1.
874 2082 910 2107 et
926 2075 1024 2108 Leid.
1040 2078 1072 2107 2.
1097 2073 1318 2107 voluntariam.
1360 2072 1446 2103 Mox
1464 2069 1555 2102 idem
1572 2068 1670 2100 Leid.
1687 2068 1723 2098 Ξ.

244 2119 387 2151 tacitam.
410 2119 508 2151 Leid.
526 2121 557 2150 1.
574 2119 670 2151 scribi
683 2119 823 2159 jubendo
835 2131 848 2158 ‚·
872 2118 971 2151 Leid.
989 2122 1023 2151 7.
1038 2128 1057 2150 a
1074 2128 1119 2150 m.
1145 2127 1197 2160 pr.
1219 2115 1395 2149 inscribens
1422 2123 1486 2157 pro
1511 2110 1645 2145 inscribi
1664 2109 1722 2150 Ju-

914 2220 1057 2253 NOTAE

288 2302 303 2333 t
329 2296 394 2329 An.
411 2297 461 2329 M.
477 2300 573 2330 3664.
595 2298 654 2331 01.
670 2301 725 2331 97.
741 2301 774 2330 3.
807 2297 896 2330 Urb.
913 2298 953 2330 C.

245 2351 321 2381 363.
358 2347 442 2381 Ant.
460 2349 520 2381 Ch.
536 2352 611 2382 389.

308 2404 323 2421 ⁶
344 2399 493 2442 Sepulcro
529 2411 584 2432 suo
622 2399 768 2441 inscribi]
812 2399 882 2432 Ubi
919 2405 957 2432 et

245 2451 382 2494 quando
411 2452 528 2493 Scipio
559 2450 742 2483 Africanus
780 2450 891 2492 major
919 2455 955 2483 et

245 2507 416 2544 mortuus,
429 2507 466 2535 et
482 2503 594 2535 elatus
609 2502 666 2543 sit,
681 2502 771 2534 sicut
787 2501 954 2544 pleraque

244 2554 323 2594 alia,
348 2563 468 2595 parum
497 2553 589 2585 inter
610 2557 769 2585 auctores
794 2557 952 2585 constat:

244 2604 303 2635 alii
320 2605 454 2645 Romae,
479 2605 537 2636 alii
558 2604 692 2636 Literni
718 2608 755 2635 et
781 2608 953 2636 mortuum

245 2659 283 2686 et
298 2656 482 2696 sepultum.
523 2655 718 2698 Utrobique
734 2659 955 2687 monumenta

247 2710 360 2745 erant,
386 2711 423 2738 et
449 2711 590 2747 statuae,
620 2716 696 2749 quae
721 2711 792 2739 tum
809 2706 954 2747 Literni,

244 2759 318 2787 tum
336 2756 451 2788 Romae
466 2767 502 2789 se
519 2758 642 2789 vidisse
660 2763 808 2790 testatur
825 2757 954 2789 Livius.

246 2807 356 2839 Erant
370 2808 487 2839 Romae
500 2808 532 2839 in
545 2808 743 2850 Scipionum
758 2817 956 2840 monumen·

1009 2301 1046 2330 to
1063 2301 1164 2329 extra
1180 2300 1318 2337 portam
1349 2294 1526 2334 Capenam
1557 2293 1631 2322 tres
1655 2292 1725 2320 sta·
1747 2308 1749 2310 -

1010 2352 1076 2379 tuae
1092 2358 1102 2388 ;
1127 2347 1205 2379 duae
1220 2347 1260 2379 P.
1277 2350 1314 2378 et
1337 2345 1378 2378 L.
1389 2343 1600 2385 Scipionum,
1616 2340 1723 2373 tertia

1008 2399 1131 2431 Poetae
1155 2399 1199 2432 Q.
1214 2396 1329 2429 Ennii.

1051 2449 1067 2471 d
1084 2451 1222 2491 Ingrata
1233 2446 1357 2490 patria]
1375 2445 1407 2479 N
1411 2455 1455 2478 on
1469 2443 1579 2476 omnis
1591 2446 1722 2482 tamen,

1010 2501 1071 2533 sed
1089 2501 1186 2543 plebs
1203 2501 1278 2532 sola
1292 2510 1300 2531 :
1326 2507 1405 2530 nam
1422 2495 1543 2538 gratiae
1560 2494 1723 2534 ingentes

1009 2552 1053 2584 ab
1070 2553 1233 2584 universo
1248 2551 1381 2583 Senatu
1404 2547 1460 2580 Ti.
1478 2544 1640 2579 Graccho
1664 2552 1722 2574 ac·

1010 2607 1055 2635 tae
1067 2608 1158 2644 sunt,
1169 2602 1259 2644 quod
1270 2600 1469 2642 Scipionum
1481 2595 1720 2629 defensionem

1010 2655 1232 2696 suscepisset.

1054 2709 1069 2743 ὴ
1097 2705 1166 2737 An.
1191 2705 1242 2736 M.
1264 2705 1363 2735 3867.
1398 2700 1456 2733 Ol.
1472 2700 1595 2731 148.2.
1632 2695 1721 2730 Urb-

1010 2756 1049 2789 C.
1067 2759 1142 2788 566.
1181 2755 1267 2788 Ant.
1284 2755 1346 2787 Ch.
1364 2755 1438 2785 186.
