1878 3132
286 147 375 190 814
676 165 1114 201 VALERHMAXIMI
1152 168 1245 202 mn.
1270 169 1380 213 vm.

288 258 367 308 set,
389 269 625 311 quemnam
644 262 904 314 respublica
922 276 1049 318 aeque
1071 278 1279 319 magnum
1305 267 1512 310 habitura
1532 273 1651 312 esset
1669 270 1752 312 im-

285 325 567 378 peratorem,'
606 328 849 382 respiciens
900 344 949 373 se
992 345 1126 387 supra
1166 334 1316 388 ipsum
1357 337 1606 388 cubantem,
1635 339 1650 359 ‘
1661 330 1752 380 Vel

283 392 431 445 hunc,'
461 394 656 438 dixit.2³‡
717 397 824 450 Quo
856 401 1040 454 augurio
1074 402 1404 455 perfectissima
1421 405 1576 456 virtus,
1607 403 1754 448 maxi-

283 474 403 511 mam
425 463 632 506 orientem
652 466 875 520 virtutem,
896 469 1117 512 videritne
1149 471 1328 523 certius,
1351 485 1408 513 an
1430 471 1657 514 efficacius
1677 485 1754 514 ac-

284 530 533 585 cenderit,24
560 535 779 587 perpendi
798 536 877 578 vix
907 541 1068 591 potest.
1129 538 1222 581 Illa
1251 540 1452 581 nimirum
1485 540 1755 583 coenamili-

282 600 387 641 taris
417 601 784 654 speciosissimas
814 608 911 646 tota
945 606 991 646 in
1020 606 1124 648 urbe
1139 611 1174 637 ²⁵
1207 607 1356 649 Mario
1390 607 1562 649 futuras
1593 620 1758 650 coenas
1783 654 1785 657 ,

283 668 476 712 ominata
495 673 577 711 est.
638 670 889 725 Postquam
909 673 1026 714 enim
1047 672 1254 716 Cimbros
1276 676 1332 717 ab
1354 688 1409 717 eo
1431 674 1602 716 deletos
1622 675 1752 717 initio

281 738 427 779 noctis
458 739 639 779 nuntius
669 741 883 793 pervenit,
921 754 1049 784 nemo
1085 742 1182 794 fuit,
1216 743 1294 797 qui
1321 756 1410 785 non
1438 743 1504 785 illi
1538 746 1751 797 tanquam

281 803 386 846 Diis
405 805 744 858 immortalibus,
763 808 884 862 apud
904 822 1034 851 sacra
1054 823 1215 852 mensae
1245 824 1343 853 suae
1361 807 1635 853 libaverit.¹‘*

337 871 378 915 8.
409 872 439 914 J
443 886 514 915 am
535 887 635 928 quae
656 875 700 916 in
723 875 803 917 Cn.
827 876 1095 931 Pompeium
1115 882 1162 919 et
1183 879 1331 933 ampla
1355 884 1402 920 et
1422 891 1544 920 nova
1564 890 1751 932 conges-

279 946 329 984 ta
349 947 467 994 sunt,
488 942 590 985 hinc
608 944 872 986 assensione
891 944 1076 996 favoris,
1098 945 1222 988 illinc
1239 946 1419 989 fremitu
1440 946 1623 989 invidiae
1646 947 1750 989 lite-

277 1163 320 1193 23
344 1161 354 1180 ‘
372 1161 429 1194 Sic
445 1162 551 1200 locus,
575 1162 618 1194 ab
635 1162 825 1196 editoribus
842 1163 985 1196 mirifice
1000 1169 1194 1206 corruptus,
1217 1165 1514 1207 interpungendus
1529 1169 1567 1198 et
1580 1165 1745 1207 legendus

278 1209 341 1236 est.
389 1206 513 1247 Neque
540 1205 642 1237 aliter
666 1206 794 1239 habent
822 1207 901 1239 libri
923 1208 1008 1240 Mss.
1025 1213 1061 1240 et
1078 1209 1176 1248 editi,
1198 1209 1263 1240 nisi
1291 1209 1382 1251 quod
1410 1209 1547 1250 quidam
1575 1218 1637 1250 pro
1663 1210 1745 1250 quod

276 1247 406 1280 liabent
428 1248 482 1289 qui
506 1247 644 1290 (vitiose
666 1259 727 1289 pro
753 1249 842 1291 quia)
869 1256 906 1282 et
930 1252 1083 1283 nonnulli
1109 1255 1289 1288 mereretur,
1313 1253 1396 1283 item
1413 1252 1545 1283 dixerit.
1591 1251 1651 1284 Uti
1676 1261 1742 1293 ego

276 1291 388 1322 locum
404 1291 602 1332 inter-punxi
618 1296 653 1323 et
669 1292 773 1332 edidi,
795 1293 905 1324 clarus
921 1299 986 1334 est,
1009 1298 1045 1326 et
1060 1294 1227 1335 optimum
1244 1294 1399 1326 admittit
1416 1304 1566 1326 sensum.
1611 1294 1742 1326 Marius

277 1334 321 1366 ob
334 1334 554 1366 honorificum
564 1335 737 1376 Scipionis
754 1335 797 1367 de
809 1336 1024 1378 sejudicium
1042 1337 1086 1369 ad
1103 1347 1222 1378 rogum
1241 1347 1350 1378 usque
1367 1338 1504 1378 gavisus
1521 1342 1587 1370 est.
1601 1336 1695 1369 ...sub
1709 1346 1745 1369 eo

277 1378 354 1408 duce
368 1377 542 1419 Scipione,
565 1382 695 1410 mereret
711 1379 854 1419 Marius,
875 1379 905 1411 si
925 1379 1000 1421 quid
1025 1380 1074 1411 illi
1094 1379 1246 1420 Scipioni
1262 1380 1438 1418 accidisset,
1461 1380 1483 1412 i.
1499 1390 1530 1413 e.
1554 1380 1583 1411 si
1601 1379 1745 1412 caderet

278 1420 314 1451 in
338 1419 443 1461 bello,
470 1421 526 1452 vel'
550 1428 660 1453 morte
687 1422 937 1462 absumeretur,
958 1423 1126 1465 respiciens
1148 1423 1266 1463 Scipio
1293 1433 1325 1454 se
1353 1423 1500 1455 Marium
1525 1432 1620 1464 supra
1642 1423 1745 1464 ipsum
1785 1452 1787 1454 .

278 1463 475 1504 Scipionem
490 1463 651 1496 cubantem
666 1465 830 1505 Marium,
851 1466 907 1497 Vel
921 1465 1001 1497 hunc
1018 1466 1164 1497 Marium
1180 1466 1267 1498 dixit
1288 1466 1416 1507 Scipio.
1462 1465 1606 1506 Pighius
1622 1470 1745 1498 contra

278 1515 396 1538 omnes
419 1510 540 1547 testes,
555 1517 622 1549 qua
646 1509 794 1549 scriptos
819 1518 885 1550 qua
901 1509 991 1549 typis
1008 1518 1165 1550 excusos,
1180 1508 1292 1541 edidit
1306 1509 1489 1550 imperator,
1511 1508 1671 1550 idemque
1687 1518 1748 1540 no-

279 1549 360 1581 dum
390 1550 424 1581 in
451 1550 568 1591 scirpo
595 1551 757 1592 quaesivit
781 1560 950 1592 reponens
976 1552 1079 1592 ipsu-m
1105 1552 1272 1593 respiciens
1296 1552 1383 1591 infra
1397 1562 1430 1584 se
1445 1552 1618 1584 cubantem.
1663 1550 1753 1587 Vid.

280 1592 377 1625 Curt.
394 1601 478 1624 vni.
495 1596 526 1624 5.
544 1595 598 1625 22.
623 1594 633 1611 ‘
651 1594 921 1635 Polysperchon,
943 1595 1000 1636 qui
1025 1595 1177 1627 cubabat
1197 1604 1300 1636 snper
1316 1594 1453 1636 regem!
1494 1595 1640 1626 Sueton.
1658 1593 1747 1634 Aug.

279 1638 333 1667 43.
359 1636 369 1654 ‘
387 1645 556 1677 superque
571 1637 830 1669 se...collocavit
843 1636 1048 1678 Augustus!
1072 1639 1180 1679 Kapp.
1225 1639 1235 1656 ‘
1254 1636 1447 1669 Klokkius:
1469 1637 1498 1668 si
1518 1638 1594 1678 quid
1616 1637 1667 1668 illi
1691 1636 1748 1669 hu-

277 1679 417 1711 manitus
442 1679 616 1720 accidisset,
637 1690 799 1720 quemnam
826 1680 921 1721 Resp.
949 1691 1035 1721 aeque
1065 1691 1213 1721 magnum
1242 1680 1390 1712 habitura
1414 1683 1492 1712 esset
1516 1680 1748 1721 imperatorem,

278 1721 380 1762 ipsum
405 1722 573 1764 respiciens
596 1732 690 1763 supra
712 1733 746 1754 se
770 1723 942 1764 cubantem,
975 1724 1024 1755 vel
1049 1723 1130 1755 hunc
1153 1723 1249 1764 dixit,
1270 1725 1320 1755 cel
1346 1723 1510 1755 neminem.
1555 1722 1746 1762 Sebegkius

281 1765 423 1798 damnat
438 1766 540 1797 etiam
558 1766 716 1805 Pigliium
731 1766 816 1803 infra
831 1766 887 1798 hic
903 1766 1114 1798 scribentem
1133 1777 1194 1807 pro
1210 1775 1250 1798 eo
1267 1766 1360 1808 quod
1376 1771 1430 1798 est
1444 1766 1479 1797 in
1497 1765 1640 1797 vetustis
1656 1764 1746 1798 Edd.

281 1812 317 1840 et
343 1809 429 1840 Mss.
453 1819 558 1849 supra.
604 1808 715 1840 Codd.
743 1809 850 1841 nostri
876 1808 965 1849 fere,
996 1809 1124 1841 haberet
1151 1809 1382 1850 imperatorem,
1405 1808 1571 1850 respiciens
1595 1818 1629 1839 se
1652 1818 1748 1849 supra

278 1852 381 1892 ipsum
405 1851 568 1883 cubantem
591 1851 640 1883 vel
666 1852 746 1883 hunc
771 1851 867 1884 dixit.
914 1852 954 1883 In
982 1862 1048 1893 quo
1075 1857 1170 1883 recte
1198 1853 1309 1884 omnia
1336 1852 1540 1892 procedunt.
1584 1850 1655 1883 Pro
1678 1851 1746 1891 qui,

280 1894 374 1936 quod
391 1894 592 1926 Perizonius
613 1895 741 1936 optime
758 1899 925 1928 mutatum
942 1895 1013 1927 ibat
1027 1895 1062 1926 in
1078 1895 1163 1936 qnia,
1188 1896 1313 1936 Copes.
1328 1895 1454 1936 Ultraj.
1472 1894 1572 1936 prim.
1588 1899 1625 1926 et
1647 1894 1746 1934 Mog.

280 1937 409 1969 habent
423 1939 515 1980 quod,
539 1937 662 1968 eodem
686 1947 798 1970 sensu.
823 1938 974 1979 quicum
1001 1938 1036 1969 in
1065 1938 1206 1979 vulgato
1230 1938 1343 1969 nullus
1360 1938 1404 1969 sit
1420 1938 1587 1977 sincerus,
1610 1936 1746 1969 restitui

281 1981 436 2013 ordinem
457 1980 642 2013 verborum
681 1985 721 2012 ut
757 1979 860 2012 codd.
891 1980 1078 2022 jubebant,
1101 1987 1138 2013 et
1167 1982 1247 2022 quod
1276 1981 1311 2012 in
1338 1984 1472 2013 textum
1502 1979 1634 2012 admisi.
1684 1979 1747 2011 Sa·
1793 2004 1795 2006 .

282 2024 461 2065 gacissime
479 2024 568 2055 enim
586 2023 672 2055 vidit
687 2023 891 2056 Perizonius
907 2024 1050 2055 Marium
1065 2023 1131 2056 dici
1158 2024 1276 2063 gaudio
1292 2025 1446 2055 exultasse
1468 2024 1508 2054 ad
1525 2032 1637 2062 rogum
1652 2032 1747 2064 usque

281 2073 426 2108 propter
442 2068 506 2098 hoc
520 2067 662 2098 dictum.
708 2067 872 2099 Nonnulli
888 2077 1021 2108 quoque
1038 2067 1166 2098 habent
1189 2067 1322 2106 dixerit,
1344 2067 1428 2098 item
1442 2066 1600 2107 stipendia
1614 2075 1745 2098 merere-

281 2109 358 2141 tur!
380 2111 610 2142 'Fortem—24
637 2110 648 2128 ‘
662 2110 719 2142 Sic
737 2110 877 2150 Pighius
894 2120 938 2141 ex
957 2111 1085 2143 Caueh.
1109 2109 1274 2150 reposuit,
1295 2119 1396 2151 quem
1413 2110 1525 2141 secuti
1540 2112 1619 2140 sunt
1638 2109 1744 2140 ceteri

281 2153 444 2185 editores.
490 2153 560 2184 Alii
579 2162 695 2184 omnes
719 2153 797 2184 libri
812 2153 976 2192 acciderit,
999 2153 1089 2184 unde
1105 2153 1292 2184 Torrenius
1309 2152 1450 2192 conjicit
1465 2151 1595 2183 acuerit.
1642 2151 1757 2183 Harrd·

280 2196 394 2228 male!
415 2197 611 2237 Kapp.—25
636 2197 646 2215 ‘
665 2196 776 2228 Codd.
800 2196 955 2238 plerique
982 2206 1060 2227 cum
1089 2195 1177 2227 Edd.
1203 2199 1282 2227 ante
1312 2195 1485 2236 Pigliium,
1505 2193 1747 2235 speciosissimas

281 2243 371 2271 tanta
396 2239 431 2270 in
457 2239 555 2276 urbe,-
577 2239 642 2278 vel,
665 2240 767 2280 pauci
793 2243 921 2279 tamen,
941 2242 1048 2271 tantas
1075 2238 1109 2270 in
1135 2237 1228 2270 urbe:
1252 2238 1375 2279 Copes.
1399 2242 1465 2269 tota
1479 2241 1585 2269 tantas
1599 2237 1634 2268 in
1648 2236 1743 2273 urbe,-

283 2282 384 2323 pauci
400 2289 516 2313 tamen
534 2282 693 2313 videntur
707 2283 835 2313 habere
850 2285 918 2314 tota
933 2283 966 2313 in
982 2282 1070 2322 urbe,
1081 2286 1119 2313 ut
1135 2281 1240 2313 credo
1254 2291 1274 2312 e
1292 2281 1360 2312 suis
1376 2280 1555 2312 refluxisse
1573 2280 1745 2321 Piglrium.

282 2326 352 2358 Pro
376 2325 469 2357 initio
491 2325 591 2357 noctis
606 2325 759 2356 nonnulli
775 2325 809 2356 in
824 2325 926 2357 initio.
973 2326 1073 2356 Leid.
1094 2329 1208 2366 quart.
1235 2324 1375 2355 Cimbris
1389 2324 1427 2355 ab
1442 2334 1476 2355 eo
1490 2323 1610 2355 deletis.
1655 2323 1744 2354 Sunt

279 2369 339 2411 qui
359 2369 551 2410 pervenerit,
572 2368 665 2409 item,
688 2367 800 2399 libavit
814 2367 988 2400 habeant?
1007 2368 1221 2403 Turrem—26
1234 2367 1291 2400 Sic
1308 2367 1417 2399 edidit
1430 2366 1531 2408 Pigh.
1545 2375 1622 2399 cum
1637 2364 1744 2397 omni-

943 2488 1083 2520 NOTAE

326 2584 342 2618 ξ
367 2570 430 2612 An.
444 2581 496 2613 M.
509 2583 607 2614 3925.
631 2581 687 2614 Ol.
703 2584 778 2615 161.
793 2584 826 2614 4.
849 2580 934 2614 Urb.
947 2581 986 2614 C.
1042 2591 1109 2614 non
1127 2581 1217 2622 Diis,
1231 2580 1290 2613 sed
1308 2580 1419 2612 Mario
1434 2578 1507 2611 illas
1522 2578 1729 2611 obtulerunt.

282 2633 357 2663 620.
381 2630 465 2663 Ant.
483 2631 543 2663 Cb.
558 2635 633 2665 132.
1085 2631 1104 2650 *
1121 2630 1188 2663 An.
1204 2631 1254 2663 M.
1268 2633 1365 2662 3953.
1390 2630 1447 2663 Ol.
1461 2633 1535 2663 169.
1549 2632 1580 2662 4-
1600 2630 1686 2663 Urb.
1701 2630 1743 2664 0.

327 2680 341 2703 k
374 2682 551 2724 Libaverit]
600 2683 642 2715 In
672 2683 782 2724 epulis
810 2693 882 2716 mos
911 2687 987 2716 erat
1040 2685 1116 2715 652.
1147 2682 1307 2715 Ant-Cb.
1325 2684 1399 2714 100.

286 2731 363 2765 Diis
388 2731 502 2765 offerri
535 2733 726 2775 primitias:
753 2738 787 2766 at
807 2734 864 2766 illa
881 2738 986 2767 nocte
