1878 3132
241 202 246 218 ,
280 167 369 211 674
669 176 879 210 VALERH
913 176 1109 209 ΜΑΧιΜι
1142 178 1242 210 mn.
1273 177 1360 210 vn.

882 305 1142 338 EXTERNA.

338 396 380 439 1.
409 395 607 452 Tempus
627 395 801 439 deficiet
821 396 1066 440 domestica
1085 401 1338 440 narrantem
1352 400 1402 440 :²⁷
1432 394 1643 451 quoniam
1659 395 1744 440 im-

278 467 452 522 perium
480 470 678 509 nostrum
709 479 798 508 non
830 469 919 508 tam
951 467 1112 509 robore
1142 478 1393 521 corporum,
1415 478 1550 520 quam
1578 466 1745 508 animo·-

279 548 377 577 rum
392 535 544 590 vigore
558 535 872 577 incrementum
889 547 943 577 ac
959 534 1141 576 tutelam
1160 534 1231 577 sui
1246 533 1592 590 comprehendit.
1644 532 1746 576 Ma-

274 604 374 659 jore
394 604 548 659 itaque
567 616 626 646 ex
647 607 771 658 parte
802 602 1010 645 Romana
1038 602 1277 658 prudentia
1295 603 1344 645 in
1363 602 1656 645 admiratione
1678 604 1747 646 ta-

278 672 371 715 cita
398 676 656 727 reponatur,
676 671 1032 726 alienigenisque
1056 671 1189 727 hujus
1219 671 1392 726 generis
1422 670 1641 726 exemplis
1668 669 1750 712 de·

278 744 348 783 tur
381 740 540 783 aditus.
599 740 810 782 Socrates
842 739 1052 783 humanae
1086 740 1324 796 sapientiae
1361 740 1490 794 quasi
1523 738 1747 795 quoddam

279 811 484 852 terrestre
505 809 750 860 oraculum,
771 812 784 834 ‘
798 809 909 851 nihil
936 809 1054 852 ultra
1081 809 1321 864 petendum
1343 821 1370 850 a
1390 807 1494 850 Diis
1523 808 1747 862 immorta-

278 877 397 918 libus
411 876 422 893 '
441 877 757 928 arbitrabatur,
777 879 789 898 ‘
804 890 940 932 quam
960 881 1008 920 ut
1031 878 1151 919 bona
1181 878 1449 930 tribuerent3
1480 876 1588 932 quia
1614 877 1650 919 ii
1668 875 1747 919 de—

278 958 399 987 mum
430 946 592 988 scirent
624 945 733 1001 quid
766 946 1011 1001 unicuique
1030 950 1151 988 esset
1184 946 1322 989 utile:
1353 959 1438 988 nos
1469 949 1622 987 autem
1649 945 1747 1000 ple-

277 1026 467 1068 rumque
497 1013 543 1055 id
575 1014 694 1056 votis
727 1014 989 1069 expetere,²⁸
1019 1014 1139 1070 quod
1169 1028 1260 1058 non
1290 1015 1556 1070 impetrasse
1586 1013 1746 1056 melius

277 1081 418 1124 foret?
462 1081 639 1124 Etenim
687 1082 964 1126 densissimis
1001 1084 1193 1126 tenebris
1242 1083 1450 1126 involuta
1493 1081 1745 1124 mortalium

277 1163 416 1201 mens,
436 1150 484 1192 in
507 1164 645 1205 quam
672 1151 765 1193 late
796 1155 1003 1206 patentes
1033 1165 1199 1195 errores
1212 1156 1251 1185 ²9
1277 1164 1431 1195 caecas
1462 1151 1746 1207 precationes

276 1221 377 1262 tuas
400 1219 575 1273 spargis
593 1220 603 1261 !
662 1219 861 1262 Divitias
883 1220 1082 1275 appetis,
1104 1234 1205 1275 quae
1217 1220 1369 1263 multis
1383 1220 1524 1263 exitio
1541 1219 1745 1262 fuerunt:

274 1286 465 1329 honores
515 1288 818 1343 concupiscis,
859 1289 936 1342 qui
984 1289 1243 1343 complures
1290 1287 1684 1344 pessumdederunt
1696 1291 1749 1331 :³⁰

275 1368 413 1409 regna
442 1359 591 1398 tecum
608 1357 710 1411 ipsa
731 1355 913 1405 volvis!
935 1370 1121 1411 quorum
1150 1357 1301 1400 exitus
1331 1369 1642 1411 saepenumero
1658 1355 1744 1399 mi—

275 1424 490 1467 serabiles
510 1430 767 1468 cernuntur:
797 1425 1047 1480 splendidis
1068 1425 1282 1480 conjugiis
1302 1425 1453 1480 injicis
1471 1432 1670 1476 manus}
1699 1427 1745 1467 at

275 1491 373 1534 haec
394 1495 443 1533 ut
466 1492 709 1547 aliquando
740 1493 976 1544 illustrant,
996 1493 1062 1535 ita
1089 1506 1405 1548 nonnunquam
1434 1492 1646 1536 funditus*
1662 1492 1746 1553 do,-

275 1573 372 1601 mos
407 1564 622 1603 evertunt.
682 1560 848 1602 Desine
878 1560 1009 1615 igitur
1042 1561 1176 1603 stulta
1203 1561 1363 1604 futuris
1395 1561 1613 1604 malorum
1642 1566 1745 1604 tuo-

273 1639 368 1668 rum
404 1628 571 1678 causis,
605 1628 736 1682 quasi
763 1627 1035 1670 felicissimis
1064 1631 1212 1680 rebus,
1233 1630 1416 1680 inhiare,
1437 1633 1574 1684 teque
1604 1631 1744 1672 totam

274 1695 528 1737 coelestium
551 1696 736 1738 arbitrio
756 1697 983 1751 permitte:
1014 1698 1123 1752 quia
1140 1698 1219 1752 qui
1238 1699 1427 1740 tribuere
1456 1699 1578 1740 bona
1597 1709 1660 1740 ex
1678 1696 1744 1739 fa—

273 1763 350 1806 cili
369 1764 532 1815 solent,
554 1764 689 1806 etiam
709 1765 869 1819 eligere
889 1766 1124 1819 aptissime
1142 1771 1173 1795 ³¹
1209 1768 1428 1820 possunt.‡

332 1831 463 1873 Idem
484 1834 498 1854 ‘
515 1832 729 1887 expedita
747 1836 791 1874 et
811 1833 1147 1887 compendiaria
1165 1834 1241 1876 via
1261 1846 1342 1876 eos
1361 1833 1419 1875 ad
1439 1834 1623 1888 gloriam
1643 1847 1744 1889 per-

273 1898 448 1940 venire’
470 1899 662 1950 dicebat,
685 1901 789 1955 ‘qui
821 1901 868 1943 id
903 1905 1098 1955 agerent,
1129 1904 1178 1943 ut
1211 1902 1369 1956 quales
1394 1902 1536 1944 videri
1562 1902 1743 1954 vellent,

271 1966 386 2008 tales
408 1966 544 2009 etiam
573 1967 748 2010 essent?
808 1967 915 2020 Qua
935 1968 1115 2024 quidem
1141 1969 1459 2024 praedicatione
1479 1973 1630 2025 aperte
1648 1983 1744 2012 mo-

309 2113 332 2142 s
350 2115 520 2147 Meditor-is
535 2118 682 2157 quomodo
697 2117 818 2157 regiam
831 2120 1019 2158 potestatem
1033 2117 1146 2150 habere
1158 2118 1269 2159 possis.

313 2163 333 2185 Δ*
347 2158 507 2191 Ardenter
521 2160 643 2202 appetis
656 2161 819 2201 splendida
829 2161 987 2201 conjugia.

894 2255 914 2267 0

274 2317 398 2351 Leidd.
416 2322 448 2351 1.
463 2322 495 2352 6.
510 2320 638 2361 Ultraj.
655 2324 688 2352 2.
706 2320 828 2362 Copes.
845 2325 882 2353 et
896 2321 1003 2353 Barb.
1016 2324 1050 2353 2.
1065 2320 1313 2354 narranti—28
1336 2321 1432 2354 Leid.
1447 2324 1480 2354 4.
1496 2325 1533 2354 et
1548 2321 1629 2354 Vet.
1647 2331 1742 2363 expe-

273 2364 430 2399 ter-emim
454 2362 582 2394 Medic.
602 2367 633 2395 1.
655 2366 687 2395 2.
712 2365 909 2404 expetimu35
933 2365 1062 2404 Ultraj.
1080 2367 1112 2396 1.
1135 2367 1280 2406 expetere
1304 2366 1434 2396 solemus
1441 2374 1454 2401 ‚·
1476 2364 1605 2406 Ultraj.
1628 2366 1661 2397 2.
1683 2374 1739 2396 ex-

269 2407 377 2445 petere
393 2406 606 2438 &timna—29
639 2406 843 2447 Complures
873 2406 974 2438 codd.
1005 2408 1150 2439 Torren.
1176 2417 1252 2438 cum
1280 2407 1358 2440 edd.
1383 2411 1470 2439 vett.
1495 2408 1558 2439 late
1581 2410 1742 2448 patentem

272 2456 409 2480 errorem
418 2458 432 2486 ‚·
455 2448 580 2490 Copes.
593 2454 765 2490 parentem.
811 2450 895 2481 Mox
911 2453 982 2481 tuas
996 2450 1157 2481 Vorstius
1173 2454 1208 2481 et
1222 2451 1405 2482 Ten-euius
1421 2450 1527 2482 tacite
1542 2451 1744 2489 omiserunt,

271 2488 364 2523 forte
375 2500 558 2533 operarum
569 2495 786 2524 errore.—-30
803 2492 844 2523 In
858 2493 914 2524 ed.
926 2493 1137 2524 Torreniana
1148 2493 1269 2524 vitiose
1280 2494 1640 2534 pessundederant.—3l
1658 2492 1741 2525 Vet.

273 2538 309 2563 et
326 2532 408 2566 Ald.
423 2535 611 2576 aptissima3
634 2535 725 2577 quod
742 2535 884 2573 Pighius
902 2539 938 2567 et
953 2535 1010 2566 alii
1026 2535 1243 2567 retinuerunt
1262 2547 1271 2567 ι
1293 2545 1412 2567 verum
1428 2535 1589 2575 aptissime
1610 2534 1739 2567 habent

273 2576 404 2610 Brand.
421 2580 451 2610 1.
468 2581 500 2610 2.
517 2583 554 2610 et
569 2583 648 2611 octo
665 2578 767 2612 codd.
782 2578 924 2610 Torren.
940 2587 1016 2610 cum
1031 2578 1125 2619 Mog.
1140 2579 1282 2611 Venett.
1298 2578 1440 2611 Mediol.
1457 2578 1573 2611 Chalc.
1588 2577 1739 2619 Herbip.

935 2674 1077 2707 NOTAE

486 2754 501 2787 τ
529 2749 595 2783 An.
620 2751 671 2783 M.
688 2753 784 2783 3650.
809 2750 868 2784 Ol.
885 2753 940 2783 94.
958 2754 988 2783 1.
1005 2750 1093 2783 Urb.
1111 2750 1149 2783 C.
1173 2753 1249 2784 349.
1266 2750 1350 2784 Ant.
1367 2751 1429 2785 ch.
1445 2754 1523 2784 403.
