1878 3132
402 195 509 227 GAP.
534 194 599 226 Vl.
637 193 701 226 DE
733 193 951 225 PIETATE
988 193 1120 225 ERGA
1158 194 1404 228 PATRIAM.
1560 184 1650 227 565

170 292 330 344 Italiae,
350 294 531 334 auctore
550 292 601 334 L.
625 290 866 343 Metello,²⁹
895 290 1137 333 consilium
1169 293 1411 346 agitarent:
1443 292 1648 335 tribunus

166 361 356 404 militum
379 359 617 404 admodum
630 352 1003 416 juvenis,'stricto
1022 359 1176 415 gladio
1197 365 1385 403 mortem
1406 362 1649 418 unicuique

167 429 426 481 minitando,
455 429 608 485 jurare
642 443 796 472 omnes
828 442 1055 484 nunquam
1091 443 1140 472 se
1180 430 1420 473 relicturos
1455 432 1647 486 patriam

167 499 344 554 coiigit:
373 499 676 555 pietatemque
695 512 784 541 non
805 499 951 541 solum
971 499 1072 554 ipse
1092 499 1404 555 plenissimam
1425 499 1644 552 exhibuit,

165 569 246 612 sed
261 569 395 611 etiam
417 580 475 610 ex
497 568 758 623 pectoribus
776 567 967 610 aliorum
988 569 1223 611 abeuntem
1245 568 1512 612 revocavit.ss

222 637 264 681 8.
296 636 411 692 Age,
432 642 485 679 ut
507 651 536 680 a
556 637 741 692 singulis
772 637 831 680 ad
862 638 1092 680 universos
1127 638 1437 693 transgrediar,
1457 643 1645 694 quanto,

165 710 211 749 et
230 719 364 762 quam
387 707 553 762 aequali
566 720 720 749 amore
738 706 899 762 patriae
917 709 1011 749 tota
1027 707 1188 750 civitas
1204 706 1435 762 flagravit!
1476 707 1597 750 Nam
1611 713 1647 738 ³⁰

165 787 268 817 cum
300 776 500 819 secundo
533 776 710 819 Punico
739 775 862 818 bello
893 777 1160 819 exhaustum
1191 775 1411 828 aerarium,
1431 790 1488 819 ne
1521 777 1647 819 Deo-

163 857 260 887 rum
282 846 464 901 quidem
485 845 628 890 cultui
659 845 902 898 sufficeret,
924 846 1154 902 publicani
1183 846 1297 889 ultro
1317 845 1462 888 aditos
1483 859 1646 889 censo-

160 927 232 957 res
261 914 429 958 hortati
460 919 583 968 sunt,
602 919 677 958 ‘ut
706 916 855 959 omnia
885 916 952 959 sic
972 916 1196 968 locarent,
1218 919 1432 972 tanquam
1456 917 1644 972 respub-

160 983 250 1026 lica
280 985 475 1039 pecunia
506 984 771 1037 abundaret,
793 997 930 1040 seque
961 988 1307 1040 praestaturos³¹
1341 989 1530 1039 cuncta;
1561 999 1644 1029 nec

160 1050 300 1095 ullum
323 1066 488 1106 assem,
510 1054 599 1096 nisi
628 1054 752 1096 bello
785 1053 1014 1106 confecto,
1035 1053 1279 1110 petituros'
1310 1055 1500 1110 polliciti
1521 1060 1644 1099 sunt.

159 1121 343 1166 Domini
364 1136 545 1179 quoque
564 1136 720 1166 eorum
741 1128 1023 1175 servorum,³²
1053 1137 1168 1180 quos
1184 1124 1477 1179 Sempronius
1498 1123 1643 1168 Grac—

158 1190 270 1234 chus
290 1192 348 1235 ob
369 1192 585 1248 insignem
604 1205 800 1248 pugnam
814 1190 830 1215 k
863 1193 1110 1236 Beneventi
1139 1192 1476 1245 manumiserat,
1497 1193 1644 1248 pretia

158 1262 217 1303 ab
259 1261 529 1317 imperatore
569 1261 749 1316 exigere
788 1262 1145 1318 supersederunt.
1207 1262 1261 1304 In
1304 1262 1463 1304 castris
1503 1261 1641 1304 etiam

159 1343 249 1373 non
268 1344 421 1387 eques,
442 1344 532 1374 non
553 1332 751 1374 centurio
772 1332 1048 1388 stipendium
1064 1337 1096 1363 ³³
1130 1331 1227 1374 dari
1247 1331 1336 1373 sibi
1356 1330 1642 1374 desideravit.

156 1398 258 1442 Viri
294 1404 430 1456 atque
464 1400 675 1453 foeminae,
712 1401 932 1456 quicquid
969 1401 1068 1443 auri
1104 1400 1331 1455 argentive
1366 1399 1641 1453 habuerunt;

154 1468 260 1511 item
281 1470 409 1525 pueri
427 1470 620 1525 insignia
651 1469 956 1525 ingenuitatis,
979 1469 1038 1513 ad
1067 1467 1403 1512 sustentandam
1423 1469 1640 1524 temporis

152 1536 460 1581 difficultatem
482 1540 777 1583 contulerunt.
818 1539 890 1582 Ac
905 1553 958 1582 ne
973 1539 1193 1582 beneficio
1208 1542 1402 1588 senatus,
1417 1538 1497 1593 qui
1517 1538 1588 1581 his
1602 1542 1639 1570 ³4

152 1607 409 1649 muneribus
437 1607 617 1650 functos
649 1608 804 1650 tributi
836 1621 970 1650 onere
1003 1608 1289 1659 liberaverat,
1311 1607 1550 1662 quisquam
1572 1607 1636 1649 uti

152 1675 324 1729 voluit;
355 1676 434 1719 sed
454 1676 639 1732 insuper
668 1677 714 1720 id
746 1690 901 1720 omnes
923 1677 1244 1733 promtissimis
1274 1675 1437 1718 animis
1459 1676 1637 1731 praesti-

152 1747 314 1786 terunt.
375 1745 482 1788 Non
503 1746 769 1801 ignorabant
782 1747 903 1789 enim
919 1747 1068 1802 captis
1084 1746 1234 1798 Veiis,
1249 1759 1349 1788 cum
1363 1745 1636 1788 decimarum

149 1814 343 1866 nomine,
375 1828 489 1871 quas
521 1815 739 1859 Camillus
761 1818 961 1867 voverat,
984 1829 1142 1859 aurum
1169 1813 1376 1871 Apollini
1410 1813 1635 1870 Delphico

770 1915 887 1929 0000ss
891 1916 1015 1929 uem

149 1972 237 2003 -29
253 1970 310 2003 Ita
323 1971 481 2013 Pighius,
491 1982 533 2004 ex
545 1972 645 2006 Livio
657 1983 667 2013 ;
684 1972 746 2005 sed
756 1983 872 2006 omnes
883 1972 985 2006 codd.
1000 1983 1077 2006 cum
1088 1973 1169 2006 Vet.
1179 1972 1278 2014 Mog.
1288 1972 1431 2005 Venett.
1441 1974 1472 2004 1.
1482 1974 1595 2006 2.3.4.
1604 1975 1637 2004 5.

150 2013 295 2046 Mediol.
313 2017 342 2046 1.
357 2018 390 2048 2.
404 2018 437 2049 3.
453 2019 484 2049 4.
500 2020 531 2049 5.
548 2016 654 2049 Aldd.
678 2020 710 2049 1.
725 2020 758 2049 2.
775 2020 807 2049 3.
823 2020 856 2051 4.
870 2021 901 2050 5.
925 2017 1036 2050 Coliu.
1053 2020 1084 2049 1.
1114 2019 1146 2048 2.
1167 2025 1285 2048 omnes
1303 2016 1439 2058 Gryph.
1456 2020 1492 2048 et
1508 2016 1632 2058 Stepli.

147 2057 290 2097 habent,
306 2059 347 2095 Q.
360 2059 416 2091 vel
430 2060 549 2096 Quinto
565 2061 706 2093 Metello.
735 2061 875 2093 Deinde
892 2061 1019 2102 Copes.
1037 2061 1127 2092 alter
1141 2059 1303 2092 Perizon.
1319 2059 1420 2092 Harl.
1435 2059 1534 2093 Leid.
1550 2063 1582 2092 5.
1597 2064 1635 2092 et

147 2100 256 2134 Bar-b.
284 2105 314 2134 1.
338 2103 485 2135 districto
497 2104 617 2144 gladio.
639 2105 726 2136 Tum
744 2105 842 2137 Leid.
858 2104 1012 2145 ajat-are
1022 2114 1072 2136 eos
1089 2125 1224 2136 ......
1240 2103 1419 2145 plenissime
1433 2103 1634 2136 exhibuit.—

146 2148 191 2177 30
215 2146 299 2178 Nam
313 2146 480 2179 exhibent
495 2147 679 2180 duodecim
692 2149 795 2181 codd.
812 2158 890 2180 cum
909 2148 990 2180 edd.
1007 2152 1095 2180 vett.
1112 2147 1269 2179 omnibus
1282 2158 1292 2187 ;
1307 2147 1342 2179 id
1360 2147 1463 2189 Pigh.
1479 2157 1635 2188 expunx-

146 2195 236 2228 erat,
248 2190 389 2222 Torren.
405 2200 490 2223 vero
504 2192 694 2224 revocavit.
728 2193 813 2224 Mox
829 2192 920 2223 idem
936 2191 1038 2233 Pigh.
1049 2195 1080 2223 et
1092 2190 1265 2232 publicani,
1278 2195 1402 2223 contra
1418 2200 1536 2223 omnes
1553 2190 1634 2224 edd.

146 2238 181 2264 et
200 2233 366 2265 tredecim
381 2234 563 2266 codd.—-3l
593 2234 649 2267 Ita
662 2235 858 2277 quindecim
874 2235 977 2268 codd.
993 2236 1137 2268 Torren.
1153 2245 1231 2267 cum
1244 2235 1328 2268 Vet.
1342 2239 1378 2267 et
1394 2235 1491 2276 Mog.
1507 2236 1633 2276 praesti-

146 2280 234 2308 turos
249 2276 283 2308 in
300 2277 375 2309 aliis
391 2277 494 2310 codd.
511 2283 547 2310 et
563 2278 642 2311 edd.
659 2282 833 2311 vem—32
859 2279 917 2312 Sic
934 2289 1053 2311 omnes
1064 2279 1150 2311 Mss.
1167 2288 1246 2311 cum
1262 2279 1345 2311 Vet.
1357 2279 1545 2320 multisque
1556 2277 1632 2310 aliis

146 2324 227 2352 ante
240 2320 412 2362 Figulum,
427 2321 600 2363 quieorum
612 2322 891 2355 deleverat.—33
916 2323 1114 2356 Gronovius
1131 2322 1165 2354 in
1177 2322 1372 2355 Mss.b0nae
1389 2326 1481 2355 notae
1498 2322 1632 2354 invenit

142 2373 204 2395 non
220 2374 311 2404 eques
324 2364 525 2405 impendium,
540 2376 601 2397 ηοη
616 2367 756 2399 centurio
767 2367 967 2409 stipendium,
983 2372 1019 2399 et
1033 2367 1083 2398 sic
1099 2371 1154 2398 est
1171 2366 1204 2398 in
1219 2366 1291 2398 Ult.
1302 2376 1371 2399 sec.
1383 2376 1450 2398 uno
1462 2366 1560 2397 Leid.
1578 2371 1629 2398 at-

144 2416 210 2447 que
220 2408 318 2449 Mog.
332 2408 424 2449 Lips.
434 2414 469 2441 et
482 2409 590 2441 Mart.
605 2410 756 2451 Hei-bip.
773 2410 807 2442 in
821 2411 949 2443 ceteris
962 2411 1132 2447 Torrenii,
1146 2410 1179 2441 in
1191 2410 1321 2442 Brund.
1331 2415 1367 2442 et
1384 2410 1466 2441 Vet.
1478 2414 1545 2447 est,
1567 2419 1630 2441 non

143 2460 243 2490 eques,
254 2461 315 2482 non
323 2452 463 2484 centurio
478 2453 680 2494 impendium.
704 2454 872 2486 Gronovii
889 2454 994 2487 lectio
1011 2454 1142 2496 placuit
1158 2454 1341 2485 Perizonio
1357 2458 1392 2485 et
1406 2453 1630 2485 Torrenio.—

141 2495 184 2525 34
209 2494 353 2536 Pighius
363 2495 412 2528 his
423 2496 597 2538 omiserat,
608 2497 699 2539 quod
710 2498 871 2530 tamenin
882 2498 1039 2531 omuibus
1050 2496 1152 2531 codd.
1164 2502 1200 2530 et
1208 2497 1289 2530 edd.
1301 2497 1511 2529 himen—35
1535 2496 1629 2530 Qua·

812 2598 953 2631 NOTAE

186 2663 201 2697 t
219 2658 286 2690 An·
301 2660 351 2692 M.
364 2662 462 2694 3838.
487 2663 546 2695 Ol.
562 2666 637 2697 141.
655 2666 686 2696 l.
712 2664 799 2698 Urb.
812 2664 850 2698 C.
906 2674 971 2707 per
992 2674 1111 2697 servos
1135 2663 1284 2696 victoria
1309 2662 1368 2695 lib.
1381 2671 1408 2694 1.
1435 2671 1466 2694 c.
1478 2665 1512 2695 7.
1538 2671 1573 2696 n.
1583 2665 1616 2695 6.

143 2710 219 2739 637.
244 2708 325 2741 Ant.
337 2710 400 2743 Ch.
412 2714 489 2745 215.
906 2717 963 2748 De
981 2716 1117 2749 Camilli
1134 2715 1241 2747 exilio
1254 2714 1319 2746 hoc
1336 2714 1412 2755 ipso
1425 2713 1525 2755 libro,
1541 2723 1574 2746 c.
1587 2716 1620 2746 4.

180 2757 202 2780 ¹¹
228 2759 276 2790 Ob
306 2760 463 2802 insignem
487 2764 642 2806 pugnam]
678 2766 757 2800 Jam
788 2777 852 2799 sae-
908 2769 966 2800 De
978 2767 1159 2799 Gallorum
1171 2765 1270 2799 clade
1287 2765 1348 2798 lib.
1363 2767 1394 2798 1.
1410 2774 1440 2797 c.
1452 2768 1485 2798 5.
1500 2774 1535 2798 n.
1547 2768 1577 2798 1.

142 2807 219 2850 pius
248 2810 378 2852 egimus
403 2812 446 2845 de
475 2814 672 2857 Sempronii
699 2817 853 2850 Gracchi
