1878 3132
427 192 538 227 cAr.
561 192 592 224 ι.
627 191 693 225 1>ss
726 189 966 224 huxorem
1003 183 1064 222 n‘r
1099 190 1344 224 uiuimus.
1529 178 1617 225 825

137 290 335 336 moribus
367 290 731 346 angustiorem&
757 288 973 344 quoniam
1005 287 1266 333 inchoatam·
1281 294 1315 323 ¹⁹
1347 302 1374 332 a
1406 302 1454 332 se
1484 288 1620 333 lauti-

136 362 246 405 tiam
276 359 469 416 posteris
497 359 763 416 relinquere,
781 371 919 414 quam
938 370 968 401 a
985 357 1232 414 majoribus
1258 363 1496 414 acceptam
1515 371 1621 402 con·

136 429 362 473 tinentiam
383 429 574 471 retinere
594 429 863 471 maluerunt.

195 499 238 543 5.
271 498 396 551 Quid
425 498 545 542 enim
576 499 663 542 sibi
685 498 828 542 voluit
842 502 879 522 ²0
907 498 1123 554 princeps
1152 509 1337 541 suorum
1368 501 1621 553 temporum

139 566 358 612 Metellus
393 567 524 620 Pius,
546 571 653 611 tunc
691 581 794 612 cum
828 568 874 610 in
907 567 1141 623 Hispania
1177 566 1402 611 adventus
1433 580 1542 609 suos
1563 567 1622 609 ab

135 636 394 693 hospitibus
424 637 515 680 aris
542 642 588 680 et
620 637 744 680 thure
778 637 933 692 excipi
963 636 1247 693 patiebatur?
1277 648 1378 680 cum
1411 633 1625 679 Attalicis

137 705 331 751 aulaeisq
360 710 598 750 contectos
611 711 644 731 ²¹
675 707 871 763 parietes
891 707 1003 751 laeto
1030 706 1182 750 animo
1201 705 1491 750 intuebatur?
1522 718 1624 750 cum

135 775 405 821 immanibus
425 775 574 831 epulis
588 777 965 832 apparatissimos
985 776 1204 833 interponi
1217 775 1353 819 ludos
1365 781 1380 800 ¹
1411 775 1623 818 sinebat?

138 858 240 888 cum
261 845 463 900 palmata
481 850 608 890 veste
626 847 840 890 convivia
860 847 1138 899 celebrabat,
1160 846 1475 901 demissasque
1495 845 1625 888 lacu-

137 914 323 958 naribus
338 918 352 938 ⁵
380 927 541 959 aureas
556 929 751 960 coronas
769 917 890 961 velut
904 917 1083 962 coelesti
1100 916 1257 973 capite
1274 921 1310 940 ²²
1340 915 1624 972 recipiebat?

139 982 197 1027 Et
217 983 294 1027 ubi
314 983 437 1027 ista?
465 997 556 1028 non
576 985 622 1028 in
643 985 846 1039 Graecia,
859 1000 1009 1043 neque
1028 988 1076 1030 in
1099 987 1216 1031 Asia
1230 991 1279 1042 3²³
1312 999 1503 1042 quarum
1524 985 1626 1028 lux-

137 1052 236 1096 uria
254 1051 471 1097 severitas
491 1055 595 1110 ipsa
614 1056 840 1112 corrumpi
861 1060 1062 1112 poterat:
1093 1057 1172 1100 sed
1202 1058 1250 1100 in
1266 1055 1448 1100 horrida
1468 1060 1512 1098 et
1531 1055 1627 1098 bel-

135 1121 285 1164 licosa
311 1123 562 1177 provincia,
591 1137 694 1167 cum
727 1126 974 1180 praesertim
1007 1127 1251 1170 acerrimus
1286 1125 1436 1169 hostis
1472 1125 1626 1169 Serto-

136 1190 232 1234 rius
268 1189 575 1236 Romanorum
609 1195 887 1238 exercituum
922 1195 1082 1239 oculos
1124 1196 1356 1240 Lusitanis
1392 1196 1494 1240 telis
1526 1210 1627 1254 per-

140 1260 408 1316 stringeret-⁸
465 1261 597 1306 Adeo
617 1263 683 1307 illi
704 1265 848 1320 patris
869 1267 943 1309 sui
965 1265 1214 1310 Numidica
1241 1266 1414 1310 castra‘
1442 1267 1628 1311 excide-

182 1396 200 1420 fl
214 1398 305 1432 Licet
318 1409 420 1433 sermo
435 1400 488 1434 ille
501 1401 619 1435 oblitus
635 1403 781 1436 videatur
795 1404 906 1438 horum
929 1408 1103 1448 temporum
1117 1406 1229 1449 quihus
1243 1406 1356 1439 bellum
1370 1407 1404 1439 in
1423 1406 1582 1450 Pyrrhum
1596 1411 1628 1440 et

140 1441 358 1476 Hannibalem
369 1445 541 1485 gerebatur
551 1457 565 1485 ‚·
587 1449 619 1479 et
632 1448 773 1480 redoleat
787 1448 956 1482 innumera
977 1451 1160 1491 vectigalia,
1177 1460 1246 1492 quoe
1262 1455 1350 1483 trans
1363 1461 1451 1486 mare
1466 1451 1499 1484 in
1514 1450 1631 1491 Africa

139 1489 172 1517 et
187 1486 530 1529 Asia-colligebantur.-
551 1491 688 1523 nondum
703 1494 808 1524 tamen
820 1493 974 1535 exprimit
982 1504 1074 1535 opum
1089 1495 1175 1526 illam
1184 1494 1410 1536 profusionem,
1421 1505 1490 1538 quae
1500 1505 1629 1538 sequen-

141 1529 226 1562 tibus
235 1531 360 1564 mentis
374 1532 410 1565 in
425 1533 564 1576 aedificia
578 1537 610 1566 et
624 1544 752 1568 nemora
758 1534 853 1575 sacta
868 1540 927 1570 est.

183 1577 197 1594 ε
214 1575 296 1608 Cum
308 1575 468 1619 praecipue
482 1576 645 1611 Sertorius
660 1589 722 1611 non
733 1581 843 1622 procul
856 1580 896 1612 ab
913 1581 1057 1614 exercitu
1074 1582 1214 1615 Romano
1238 1586 1343 1616 castra
1369 1593 1439 1616 cum
1463 1583 1630 1617 Lusitanis

139 1615 279 1652 haberet.

766 1689 803 1701 00
808 1688 964 1702 OOOO‘OOO
968 1689 1007 1702 ‘O

141 1765 261 1804 gotum
277 1766 430 1797 servant.
463 1764 613 1798 Consule
629 1765 784 1799 Gronov.
801 1767 845 1800 de
861 1768 946 1802 Pec.
961 1769 1043 1802 Vet.
1061 1778 1100 1802 ιι.
1117 1773 1240 1803 3.-19
1261 1770 1270 1789 ‘
1284 1770 1374 1803 Haec
1386 1771 1495 1805 lectio
1509 1781 1529 1805 a
1545 1772 1629 1814 Pig-

67 1823 70 1826 >
138 1806 197 1838 hio
212 1816 256 1838 ex
273 1806 349 1839 Sus.
366 1812 403 1840 et
419 1807 549 1842 Cauch.
566 1811 810 1844 consarcinata
826 1817 903 1854 est;
926 1823 1004 1846 cnm
1033 1814 1192 1858 plerique
1214 1815 1301 1847 Mss.
1329 1825 1406 1848 cum
1423 1816 1508 1849 Vet.
1531 1816 1629 1859 Mog.

102 1879 109 1885 ,
142 1849 288 1893 aliisque
300 1850 350 1883 sic
366 1851 497 1886 habent
511 1863 520 1885 ε
544 1857 577 1886 et
591 1858 708 1896 quanto
722 1859 827 1888 tamen
895 1858 1123 1899 angustiorem.
1163 1859 1267 1896 Quam
1281 1858 1364 1901 (pro
1379 1869 1473 1901 quam
1488 1870 1576 1893 unus
1592 1864 1630 1893 et

84 1928 91 1934 p
142 1893 232 1926 alter
245 1893 362 1937 ritum)
376 1895 621 1931 introduxerant
631 1901 724 1942 atque
737 1900 910 1942 (nonnulli
933 1901 1055 1944 itaque)
1069 1902 1263 1945 inchoatam,
1275 1904 1330 1944 ⁸5⁶·
1366 1903 1470 1936 Unde
1486 1904 1629 1938 Perizo-

140 1937 216 1971 nius
232 1938 400 1990 coujicit:
424 1942 456 1972 et
471 1945 588 1983 quanto
604 1945 672 1975 tum
683 1964 729 1976 ...0
740 1945 957 1986 angustiorem
979 1945 1080 1978 ritum
1092 1948 1352 1988 introduxerunt,
1367 1948 1423 1990 qui
1436 1949 1626 1992 inchoatam,

140 1983 196 2024 ξι.
232 1982 242 2000 ‘
258 1981 380 2015 Ritnm
409 1982 654 2026 introducere:
679 1997 721 2020 eo
744 1987 847 2021 modo
863 1988 1005 2031 dicitur,
1019 1990 1071 2023 uti
1088 1999 1130 2023 ιι.
1146 1993 1178 2024 6.
1194 1994 1228 2024 5.
1249 1991 1260 2008 ‘
1274 1992 1563 2025 consuetudinem
1579 1993 1630 2025 in·

142 2024 329 2059 traducere
342 2026 364 2059 τ’
393 2035 447 2059 ix.
464 2031 497 2061 5.
515 2031 547 2062 1.
569 2029 689 2072 ‘leges
706 2031 957 2067 introducere!
992 2034 1070 2103 Εξο
1094 2038 1210 2067 tamen
1235 2034 1283 2068 sic
1300 2035 1418 2078 legere
1434 2037 1571 2070 malim:
1595 2040 1629 2070 et

140 2072 256 2112 quanto
271 2072 653 2113 tamen....angusei0rem
666 2076 767 2108 ritum
777 2076 1039 2113 introduxerunt.
1092 2078 1193 2121 Atqui
1208 2079 1400 2121 inchoatam,
1418 2082 1471 2122 &a
1516 2081 1562 2114 Et
1577 2081 1628 2114 sic

141 2113 288 2145 totidem
305 2114 421 2147 verbis
438 2115 473 2147 in
489 2117 712 2160 Lugdunensi
728 2119 784 2152 ed.
798 2123 896 2155 1558.
920 2126 1034 2155 extat.
1076 2122 1119 2155 In
1135 2122 1342 2165 quibusdam
1358 2124 1438 2157 edd.
1455 2129 1542 2158 vett.
1559 2130 1628 2166 est,

139 2157 380 2197 angustiorem!
404 2158 612 2202 Kapp.—20
636 2163 763 2204 copes.
784 2168 822 2197 et
843 2164 945 2198 Leid.
962 2168 996 2198 6.
1018 2166 1117 2198 voluit
1138 2166 1201 2198 sibi
1213 2178 1225 2205 ‚·
1248 2167 1340 2200 unde
1355 2168 1520 2201 Perizon.
1536 2170 1628 2212 conj.

143 2200 232 2237 Quid
246 2202 344 2233 etiam
364 2202 464 2235 voluit
483 2204 643 2238 siba—21
669 2207 796 2250 Copes.
823 2213 860 2240 et
884 2209 984 2242 Leid.
1010 2213 1043 2243 6.
1063 2213 1227 2243 contextos
1235 2221 1248 2250 ‚·
1272 2211 1368 2244 Leid.
1392 2215 1425 2245 2.
1451 2216 1626 2246 contentos.

141 2243 240 2285 Mox,
256 2245 438 2286 aptissimos
451 2247 474 2280 i.
490 2248 578 2282 ludos
593 2250 721 2292 Copes.
735 2251 836 2284 Harl.
852 2257 889 2285 et
903 2252 1003 2286 Leid.
1018 2256 1141 2287 6.-22
1163 2254 1222 2287 Ita
1237 2254 1356 2288 decem
1372 2256 1476 2289 codd.
1493 2262 1530 2289 et
1546 2257 1628 2290 edd.

142 2292 229 2321 vett.
254 2288 427 2330 probabat
449 2292 555 2324 etiam
578 2293 744 2328 Perizon.
767 2304 812 2327 ex
835 2295 961 2339 nopes.
1004 2297 1149 2340 Pighius
1165 2308 1312 2343 eumque
1328 2301 1437 2333 secuti
1454 2300 1627 2333 dederant

140 2333 258 2374 capiti.-
283 2334 431 2368 mutavit
445 2335 683 2372 Torrenius.-
691 2341 734 2372 23
757 2339 884 2383 Copes.
900 2345 938 2374 et
953 2340 1052 2375 Leid.
1067 2345 1103 2376 6.
1118 2353 1179 2376 non
1191 2342 1227 2376 in
1242 2344 1423 2378 Δάαι-24
1447 2344 1547 2378 Harl.
1562 2346 1625 2377 cri-

810 2433 958 2469 NOTAE

184 2509 201 2532 ³
223 2503 377 2538 Attalicis
391 2506 518 2549 auloeis]
543 2506 623 2541 Hoc
639 2513 707 2549 est,
724 2509 856 2552 pretio·
909 2510 1041 2544 lucrum
1057 2520 1135 2543 cum
1152 2512 1352 2544 machinato
1368 2513 1518 2555 strepitu
1535 2514 1624 2547 toni-

142 2556 189 2588 sis
206 2557 398 2598 tapetibus,
413 2558 537 2600 quibus
561 2559 674 2593 Attali
694 2561 855 2604 Pergami
911 2568 1026 2595 truum
1049 2572 1215 2595 coronam
1256 2564 1366 2605 capiti
1392 2564 1624 2607 imponebat?

142 2607 258 2650 Reges
274 2608 325 2640 uti
337 2609 504 2642 solebant.
910 2613 967 2646 Ita
977 2614 1117 2647 Sallust.
1130 2615 1224 2647 Hist.
1235 2615 1295 2648 lib.
1310 2625 1352 2648 11.

184 2664 199 2681 ¹·
219 2659 340 2702 Ludos]
372 2660 493 2694 Scenae
517 2662 607 2694 enim
630 2662 674 2695 ad
699 2668 855 2697 ostenta·
953 2667 964 2687 ²
986 2666 1161 2698 Numidica
1189 2667 1310 2710 castra]
1335 2667 1431 2714 Illius
1453 2669 1545 2702 enim
1562 2679 1624 2712 pa·

141 2710 271 2743 tionem
286 2711 490 2744 histrionum
506 2712 684 2747 instructas
702 2719 813 2748 erant.
906 2719 961 2749 ter
991 2718 1180 2750 severitate
1196 2717 1413 2760 disciplinam
1437 2720 1622 2754 militarem

186 2767 198 2783 ⁸
221 2762 384 2795 Demissas
398 2763 802 2807 lacunaribus]‘8edenti
821 2767 855 2799 in
905 2767 939 2799 in
971 2778 1032 2800 suo
1073 2768 1234 2801 exercitu
1265 2776 1490 2804 correxerat:
1531 2772 1624 2816 quod

142 2817 331 2846 transenna
359 2813 545 2848 demissum
569 2817 726 2851 victoriae
752 2819 856 2851 simu·
906 2819 1061 2862 pluribus
1079 2819 1273 2854 Sallustius.
