1878 3132
239 198 325 239 500
640 205 851 238 VALERn
886 207 1084 238 ΜΑΧιΜι
1122 208 1219 238 mu.
1245 208 1287 238 v.

237 319 353 361 gem,
374 305 603 359 captivum
630 304 677 345 in
707 303 916 346 custodia
933 304 1091 346 Tiburi
1107 304 1123 328 ⁸
1154 308 1410 353 mortuum,c
1439 303 1624 358 publico
1643 304 1713 347 fu-

235 387 336 415 nere
363 373 535 415 censuit
565 372 843 424 efferendum,
863 376 916 413 ut
937 372 1044 414 vitae
1075 371 1192 413 dono
1221 371 1436 412 honorem
1463 371 1711 425 sepulturae

236 439 482 497 adjiceret*
543 440 865 494 Consimilique
905 440 1142 482 clementia
1178 440 1226 480 in
1262 438 1433 480 Perse⁹
1462 451 1573 482 usus
1609 444 1709 483 est:

233 523 336 552 nam
364 524 465 553 cum
486 508 633 560 Albae,
653 509 699 550 in
730 522 822 564 qua
851 508 1070 551 custodiae
1091 521 1236 550 causa
1264 507 1485 561 relegatus
1506 510 1616 558 erat,
1631 507 1710 550 de—

234 575 490 629 cessisset,d
517 580 786 632 quaestorem
806 576 931 619 misit
962 577 1038 631 qui
1060 590 1161 618 eum
1191 576 1375 632 publico
1405 576 1555 618 funere
1585 575 1710 618 effer-

232 651 325 688 ret:
356 659 412 687 ne
431 646 645 700 reliquias
663 645 807 699 regias
822 644 978 699 jacere
997 645 1285 687 inhonoratas
1300 649 1335 668 ¹0
1363 647 1624 698 pateremur

290 714 518 757 Hostibus
537 714 652 764 haec,
672 716 716 755 et
744 713 933 764 miseris,
952 717 997 755 et
1025 712 1120 755 fato
1149 711 1320 754 functis
1348 711 1496 755 officia
1525 711 1707 766 regibus

231 787 439 836 erogata:
481 782 564 823 illa
593 781 803 831 amicis‚¹¹
837 786 884 823 et
912 780 1136 832 felicibus,
1167 785 1212 823 et
1244 780 1360 823 vivis
1395 780 1561 823 tributa
1591 783 1706 822 sunt.

230 849 448 892 Confecto
482 849 783 892 Macedonico
821 850 955 902 bello,
989 849 1330 891 Musicanesm
1362 848 1622 892 Masinissae
1653 847 1706 890 fi-

229 917 333 969 lius,
367 931 469 960 cum
504 919 748 972 equitibus,
777 932 890 974 quos
923 919 969 960 in
999 917 1256 972 praesidium
1290 915 1598 958 Romanorum
1627 915 1707 957 ad-

229 984 433 1038 duxerat,
471 987 527 1028 ab
560 987 826 1042 imperatore
859 987 1007 1029 Paulo
1044 986 1102 1028 ad
1137 989 1307 1041 patrem
1340 984 1573 1035 remissus,
1597 986 1705 1026 tem-

229 1058 404 1110 pestate
443 1055 584 1098 classe
632 1053 836 1110 dispersa
874 1054 1176 1097 Brundusium
1226 1066 1343 1108 aeger
1393 1052 1571 1094 delatus
1619 1055 1706 1095 est.

231 1121 367 1175 Quod
399 1123 475 1164 ubi
504 1128 692 1165 senatus
728 1123 956 1177 cognovit,
978 1122 1190 1165 continuo
1224 1123 1302 1164 illo
1337 1125 1611 1176 quaestorem
1639 1121 1704 1164 ire

221 1189 388 1244 Jussit3
420 1191 549 1246 cujus
570 1204 679 1234 cura
700 1197 746 1234 et
763 1192 1011 1247 hospitium
1033 1191 1311 1234 adolescenti
1340 1189 1636 1245 expediretur,
1654 1192 1702 1230 et

843 1322 1082 1335 “OO‘NOONO

228 1419 358 1452 Medic.
372 1423 404 1452 1.
433 1419 567 1458 Tibure,·
589 1421 699 1453 ceteri
715 1431 832 1453 omnes
860 1422 1049 1454 Tiburi.—9
1071 1420 1182 1453 Codd.
1202 1419 1366 1453 tredecim
1380 1419 1524 1452 Tor-ren.
1537 1418 1574 1451 in
1587 1419 1702 1453 Persa.

226 1464 313 1495 Mox
329 1463 362 1494 in
378 1474 469 1504 quam
486 1464 634 1505 quinque
649 1465 796 1496 Torren.
813 1475 891 1496 cum
906 1465 1002 1506 Mog.
1020 1469 1056 1496 et
1071 1464 1220 1505 Her-bip.
1235 1464 1390 1504 religatus
1405 1462 1533 1504 Ultraj.
1549 1466 1585 1495 et
1602 1462 1703 1504 Mog-

226 1507 350 1546 legatus
363 1507 441 1538 cod.
455 1506 614 1538 Perizon.
631 1507 723 1549 quod
736 1507 847 1540 edidit
865 1508 1085 1549 Grypl1.—-10
1098 1507 1223 1548 Copes.
1237 1507 1426 1544 inornatas,-
1450 1506 1547 1538 Leid.
1564 1508 1595 1537 1.
1610 1505 1701 1537 inleu-

226 1552 427 1581 matas.—-ll
451 1549 526 1580 ‘Sic
542 1550 629 1581 Mss.
653 1555 690 1582 et
706 1550 809 1582 editt.
826 1551 1059 1591 vetustiores3
1086 1550 1227 1592 Pighius
1244 1559 1326 1582 vero
1351 1549 1495 1581 dederat
1509 1558 1520 1580 ι
1544 1548 1702 1580 Hostibus

225 1591 301 1624 illa.
312 1613 321 1624 .
332 1591 413 1623 .hoec
429 1592 551 1633 amicis,
566 1593 676 1624 minus
690 1597 798 1633 recte,
808 1603 882 1625 nam
899 1594 950 1625 hic
966 1604 986 1626 a
1001 1594 1131 1626 Nostro
1146 1592 1293 1625 refertur
1309 1592 1353 1624 ad
1365 1591 1622 1633 praecedentia3
1643 1591 1702 1624 illa

227 1634 272 1666 ad
289 1645 341 1675 ea,
359 1634 402 1666 de
418 1635 538 1676 quibus
548 1635 622 1676 jam
639 1640 776 1668 acturus
792 1636 867 1669 est!
890 1638 1000 1678 Kapp.
1045 1637 1133 1668 Mox
1158 1636 1286 1676 regibus
1311 1641 1510 1676 suspectum
1526 1638 1582 1667 est
1603 1634 1702 1666 Peri-

226 1678 324 1709 zonio
341 1682 376 1709 et
391 1678 556 1709 Torrenio
571 1689 580 1717 ;
605 1688 671 1710 non
689 1679 771 1711 item
789 1679 944 1721 Kappio.
961 1680 1060 1713 Harl.
1084 1680 1199 1711 Bitur.
1213 1682 1244 1712 1.
1262 1683 1299 1710 et
1318 1678 1414 1710 Leid.
1427 1681 1460 1710 4.
1476 1678 1550 1710 licet
1563 1676 1702 1717 regiona

225 1723 313 1752 -12
339 1719 550 1761 Musbphanes
564 1721 655 1754 Dan.
671 1721 804 1754 Medic.
818 1726 849 1755 2.
865 1727 902 1754 et
915 1722 1037 1754 Leidd.
1049 1725 1082 1755 4.
1099 1726 1130 1754 5.
1152 1723 1339 1754 Musocanes
1348 1721 1492 1753 Venett.
1512 1721 1701 1753 Musacaneo

225 1762 261 1794 in
289 1769 424 1804 septem
448 1764 591 1795 Torren.
616 1764 827 1796 Musachanes
854 1765 952 1797 Leid.
975 1769 1007 1797 6.
1031 1765 1144 1806 Utraj.
1169 1768 1201 1796 1.
1222 1768 1255 1796 2.
1278 1764 1409 1796 Brand.
1424 1767 1456 1796 1.
1477 1766 1511 1796 2.
1538 1769 1575 1795 et
1599 1762 1697 1804 Meg.

226 1806 434 1848 Musophones
449 1806 526 1838 cod.
542 1806 704 1840 Perizou.
727 1807 943 1840 Musactianes
955 1807 1041 1840 Leid
1060 1810 1093 1840 7.
1127 1807 1158 1839 Α
1176 1807 1275 1840 Livio
1296 1807 1492 1849 appellatur
1504 1807 1698 1847 Miongenen·

889 1920 1033 1953 NOTAE

225 2025 351 2058 magno
367 2026 427 2048 suo
454 2017 577 2050 damno
602 2017 718 2059 rupit3
758 2028 824 2050 uno
840 2018 929 2051 enim
985 2019 1156 2060 Diodoro,
1191 2020 1246 2051 vel
1274 2023 1430 2061 quatuor,
1471 2027 1515 2050 ex
1543 2015 1698 2057 Velleio,

225 2070 262 2099 et
287 2067 397 2099 altero
423 2068 544 2109 praelio
561 2078 580 2099 a
596 2068 755 2110 Scipione
771 2074 807 2100 et
823 2069 930 2101 Laelio
986 2074 1066 2111 post
1104 2068 1232 2102 AEmilii
1269 2069 1481 2111 triumphum
1517 2067 1695 2101 decessit:

223 2122 418 2159 superatus,
441 2123 476 2150 et
492 2128 632 2160 regnum
646 2120 760 2152 amisit
774 2124 811 2151 et
824 2120 930 2152 liber·
986 2121 1059 2152 sive
1081 2120 1262 2152 custodum
1289 2119 1513 2161 improbitate
1537 2127 1696 2151 consum·

221 2172 352 2202 tatem:
375 2169 477 2211 idque
493 2179 596 2201 unum
613 2170 693 2202 tulit
709 2180 780 2202 suae
805 2175 866 2202 aut
881 2171 928 2203 le·
988 2174 1043 2203 tus
1060 2170 1198 2212 vigiliis,
1213 2174 1253 2202 ut
1278 2170 1397 2202 volunt
1423 2168 1632 2202 Plutarchus
1659 2171 1697 2200 et

222 2220 342 2253 vitatis
359 2224 418 2252 aut
437 2219 591 2261 perfidiae
606 2221 797 2261 praemium.
984 2222 1184 2261 Diodorus;
1215 2221 1300 2261 sive,
1315 2224 1355 2252 ut
1379 2219 1450 2261 alii,
1466 2223 1613 2252 mortem
1628 2217 1695 2250 sibi

264 2275 279 2292 ⁶
297 2271 406 2303 Tiburi
420 2271 591 2311 mortuum]
616 2271 693 2303 Non
707 2271 827 2303 Tiburi
841 2281 929 2303 mor·
984 2272 1099 2303 inedia
1113 2271 1331 2304 consciverit.
1369 2270 1467 2302 Illius
1482 2269 1572 2302 filius
1586 2268 1693 2302 Alex·

222 2323 302 2353 tuus
319 2325 387 2362 est,
402 2332 444 2353 ex
461 2321 622 2363 Polybio,
646 2321 708 2353 sed
732 2321 845 2362 Albae,
862 2332 930 2364 quo
985 2323 1094 2355 ander
1119 2322 1155 2354 in
1179 2322 1338 2355 coelando
1368 2331 1452 2354 auro
1484 2325 1521 2353 et
1548 2324 1693 2362 argento

221 2370 406 2412 Principes
419 2377 455 2403 et
471 2372 584 2413 Reges
597 2371 688 2403 bello
700 2371 795 2412 capti
810 2372 843 2403 in
854 2381 929 2403 cus-
985 2373 1144 2414 egregius
1171 2371 1297 2405 artifex
1316 2371 1403 2404 fuit:
1427 2371 1509 2403 inde
1530 2370 1694 2405 Romanis

220 2421 350 2454 todiam
362 2422 452 2454 mitti
468 2423 570 2454 moris
584 2425 671 2454 erat.
696 2421 751 2453 An
768 2425 847 2453 ante
858 2422 930 2454 Sci-
984 2424 1173 2456 instructus
1188 2423 1299 2466 literis
1311 2421 1440 2455 Scribae
1451 2430 1592 2463 operam
1605 2429 1693 2463 proe-

221 2471 331 2512 pionis
358 2472 567 2513 triumphum
595 2472 733 2512 obierit,
759 2472 929 2503 incertum
983 2475 1060 2507 buit
1090 2474 1366 2517 Magistratibus.
1388 2477 1394 2483 '
1426 2473 1485 2505 Ita
1520 2472 1618 2504 Plut.
1655 2471 1692 2503 in

220 2526 298 2554 est:
317 2528 445 2563 negant
457 2522 624 2565 Polybius
637 2527 673 2554 et
686 2522 823 2564 Livius;
839 2521 929 2554 affir-
983 2525 1132 2557 AEmilio.

220 2577 315 2603 mant
330 2573 401 2605 alii.
1026 2580 1041 2610 †
1057 2574 1125 2607 An.
1136 2575 1187 2607 M.
1203 2577 1302 2607 3889.
1326 2574 1384 2606 01.
1402 2576 1477 2606 153.
1491 2575 1524 2605 4.
1549 2572 1637 2604 Urb.
1649 2571 1690 2605 C.

266 2619 286 2638 ⁴*
301 2619 368 2652 An.
383 2621 433 2653 Μ.
450 2625 549 2654 3853.
573 2621 630 2654 Ol.
644 2624 761 2654 1444.
783 2621 871 2655 Urb.
887 2623 926 2655 C·
980 2628 1057 2656 588.
1080 2625 1163 2657 Ant*
1175 2626 1237 2658 Ch.
1255 2628 1328 2658 164.

222 2671 298 2701 552.
328 2670 410 2703 Aut.
427 2672 491 2704 Ch.
507 2675 583 2705 200.
1024 2679 1039 2696 θ
1055 2676 1248 2716 Musicanes]
1285 2675 1373 2707 Aliis
1400 2678 1437 2706 et
1466 2674 1687 2713 Musocanes,

264 2718 280 2740 ¹¹
292 2720 498 2763 Decessisset]
522 2723 671 2755 Perseus
684 2723 719 2756 in
731 2723 839 2756 libera
852 2734 926 2756 cus·
981 2729 1019 2757 et
1034 2725 1290 2769 Musophanes;
1313 2725 1411 2758 Livio
1425 2724 1622 2766 Misagenes
1637 2723 1687 2756 di-

222 2769 318 2802 todia
342 2771 488 2814 habitus,
521 2774 575 2806 vel
595 2773 729 2808 duobus
755 2775 853 2808 annis
881 2785 925 2808 ex
981 2775 1083 2808 citur.
