1878 3132
582 202 692 235 cAP.
716 203 748 234 1.
783 203 845 235 os
879 202 1160 236 Punicrru.
1522 196 1612 241 595

127 300 370 356 sepulturae
405 299 678 352 mandatum,
707 301 765 343 ad
806 299 891 343 hoc
930 304 1110 356 tempus
1150 304 1321 347 tumulo
1355 305 1607 362 contegit.⁴⁵

125 368 387 411 Sanctitatis
406 381 513 411 vero
546 369 733 423 gloriam
765 374 945 413 aeternae
975 370 1184 413 traditam
1214 374 1439 417 memoriae
1476 373 1609 418 Grae-

125 439 198 481 cia
227 439 440 481 laudibus
475 438 569 480 suis
610 438 894 491 celebrando,
927 439 1178 495 quotidie⁴⁶
1211 441 1512 485 florentiorem
1542 445 1607 487 ef-

122 507 244 550 fecit.

181 576 224 619 2.
255 575 580 619 Vehementius
597 576 687 619 hoc
705 589 717 619 ε
747 575 861 618 illud
884 577 1217 621 consideratius
1239 580 1502 635 exemplum
1522 595 1605 636 pu-

123 644 307 688 dicitiae.
365 644 584 688 Exercitu
612 651 658 689 et
686 647 835 702 copiis
871 646 1254 703 Gallograecorum
1271 655 1286 673 ⁶
1316 662 1344 692 a
1365 649 1448 692 Cn.
1473 650 1605 694 Man-

122 714 185 757 lio
214 715 398 757 consule
430 716 476 757 in
505 714 704 772 Olympo
738 714 918 759 montef
943 730 1000 760 ex
1037 722 1163 774 parte
1198 718 1379 771 deletis,
1398 733 1457 762 ex
1475 726 1605 775 parte

121 783 287 838 captis,
323 782 614 838 Orgiagontis
623 789 661 816 4⁷
694 785 836 839 reguli
876 798 996 828 uxor
1034 786 1160 829 mirae
1198 787 1542 843 pulchritudinis
1576 803 1604 832 a

119 853 394 903 centurione,
406 852 481 895 cui
499 852 796 896 custodienda
814 853 982 897 tradita
1001 859 1113 906 erat,
1130 860 1336 911 stuprum
1355 857 1454 912 pati
1474 870 1607 901 coac-

120 926 181 973 ta,
201 925 442 977 postquam
464 925 648 964 ventum
679 926 751 964 est
779 922 826 963 in
854 935 959 965 eum
991 923 1159 977 locum,
1176 925 1221 967 in
1254 938 1387 980 quem
1403 931 1421 957 ⁸
1449 932 1603 970 centu·

120 989 240 1041 rio,⁴⁸
260 990 402 1034 misso
421 990 592 1043 nuntio,
612 993 627 1014 ‘
645 992 932 1035 necessarios
949 993 1148 1035 mulieris
1167 994 1376 1049 pretium,
1393 1008 1484 1050 quo
1504 1008 1603 1039 eam

121 1059 404 1112 redimerent,
437 1059 617 1104 afferre’
636 1060 858 1117 jusserat,
894 1075 1053 1104 aurum
1089 1063 1367 1119 expendente
1379 1069 1418 1098 4⁹
1447 1070 1605 1107 centu-

118 1129 260 1181 rione,
277 1134 324 1172 et
342 1130 387 1172 in
408 1130 506 1186 ejus
525 1130 704 1187 pondus
723 1131 873 1174 animo
893 1131 1126 1187 oculisque
1145 1133 1332 1185 intento,
1349 1132 1602 1190 Gallograe-

737 1253 838 1266 mOO
842 1253 981 1267 ”NJOO

116 1328 228 1362 Janns
243 1330 336 1372 conj.
358 1330 556 1364 AEni0.—46
580 1331 591 1350 ‘
605 1330 664 1363 Ita
681 1334 821 1364 veteres
846 1332 940 1374 typis
963 1333 1133 1374 expressi,
1150 1337 1186 1366 et
1201 1333 1333 1367 Brand.
1380 1334 1469 1368 Qnae
1494 1333 1603 1366 lectio

115 1381 181 1405 nee
195 1373 391 1414 spernenda
406 1374 560 1407 videtur.
607 1375 751 1414 Pighius
774 1378 892 1408 tamen
909 1385 954 1408 ex
969 1376 1073 1409 codd.
1090 1378 1214 1410 maluit
1230 1378 1279 1410 sic
1294 1389 1303 1410 :
1328 1378 1487 1410 Proxima
1509 1378 1605 1410 undis

113 1415 206 1448 humo
219 1418 390 1459 sepulture
402 1419 583 1450 mandatum
599 1419 642 1450 ml
656 1419 713 1451 hoc
727 1422 849 1461 tempus
862 1419 1000 1451 tumulus
1008 1420 1175 1462 contegit!
1186 1421 1307 1454 von-st.
1332 1422 1490 1464 Uterque
1504 1421 1604 1454 Med.

115 1459 190 1492 Bit.
204 1461 304 1502 prim.
319 1461 426 1494 Barb.
439 1471 508 1495 sec.
524 1462 621 1494 Leid.
634 1472 704 1495 sec.
721 1467 758 1495 et
768 1468 912 1505 quartus
925 1463 1047 1504 Pighio
1059 1463 1203 1496 favent:
1221 1465 1331 1497 ceteri
1345 1470 1499 1502 servant,
1509 1465 1602 1508 quod

114 1502 276 1545 probavit
292 1505 465 1546 Vorstius,
481 1510 519 1538 et
532 1505 711 1545 restituit3
739 1506 792 1538 sic
808 1516 945 1549 quoque
956 1508 1141 1549 Mog.—46
1163 1509 1242 1540 vet.
1258 1509 1414 1541 continue.
1458 1508 1602 1540 Deinde

116 1556 180 1588 pro
196 1547 303 1590 effecit
315 1549 440 1590 Copes.
457 1549 571 1582 Bitur.
589 1552 619 1581 l.
638 1552 670 1582 2.
693 1549 827 1582 Medic.
844 1553 875 1582 1.
890 1555 927 1583 et
941 1551 1067 1584 Leidd.
1083 1554 1114 1584 l.
1130 1554 1163 1583 6.
1183 1552 1292 1595 efficit,
1308 1552 1400 1595 quod
1416 1553 1604 1585 Perizonio

112 1591 245 1623 rectius
262 1591 501 1624 videtum—4⁷
527 1592 585 1624 lta
606 1593 767 1635 plerique
790 1593 893 1625 codd.
916 1593 977 1626 sed
995 1594 1095 1626 Leid.
1113 1600 1203 1636 sept.
1220 1605 1240 1627 a
1255 1605 1357 1627 maun
1376 1597 1487 1638 prima
1504 1596 1602 1628 oria-

111 1634 243 1674 gomis,-
267 1634 340 1667 Bit.
356 1634 456 1677 prim.
475 1635 682 1676 Ortigontis3
703 1637 801 1670 Med.
817 1637 919 1678 prim.
939 1638 1162 1679 orgiagentn's.
1208 1639 1282 1670 Viri
1305 1639 1413 1677 docti,
1438 1640 1600 1682 quoniam

114 1686 134 1709 a
157 1677 295 1710 Graecis
311 1677 485 1720 ὀρτιάγων
510 1679 653 1718 dieitur,
671 1680 878 1721 Ortiagontis
901 1680 1018 1722 legere
1041 1682 1186 1715 malunt.
1230 1682 1321 1714 Vide
1339 1693 1424 1725 qnos
1440 1683 1527 1715 citat
1543 1683 1599 1716 Cl.

112 1720 277 1754 Dukerus
293 1721 337 1754 ad
353 1723 446 1756 Flor.
461 1722 523 1755 lib.
538 1731 579 1755 ιι.
611 1724 818 1766 Ortiagontis
845 1724 1033 1766 legendum
1057 1734 1133 1757 esse
1155 1725 1199 1757 ad
1223 1725 1314 1758 hunc
1331 1727 1444 1759 locum
1461 1726 1600 1759 monuit

112 1764 220 1798 etiam
242 1765 553 1808 Theophilus.—48
577 1767 669 1799 Edd.
694 1773 784 1802 vett.
807 1767 961 1801 liabent:
987 1769 1023 1800 in
1052 1778 1142 1811 quem
1169 1769 1306 1801 consulis
1321 1769 1417 1809 =iussu
1444 1770 1600 1803 centurio.

111 1808 121 1825 ⁸
136 1808 253 1841 Verba
266 1809 517 1851 comliejussm
530 1809 654 1843 falsum
671 1811 808 1854 aliquod
821 1811 994 1851 glossema
1007 1817 1074 1849 est.
1089 1813 1338 1854 manuscriptis
1352 1814 1443 1845 enim
1460 1814 1543 1846 meis
1560 1813 1601 1845 li-

110 1850 198 1893 bris,
221 1852 369 1895 demptis
383 1853 624 1886 Winckeliano
654 1859 690 1887 et
714 1855 927 1895 Coloniensi,
949 1855 1148 1888 excluditur
1170 1857 1343 1894 omnibus,
1361 1861 1466 1900 atque
1490 1857 1599 1889 etiam

109 1895 263 1928 historiae
277 1896 432 1930 Livianae
444 1898 655 1941 aliorumque
665 1899 806 1942 scriptis
817 1898 1045 1932 adversatum·
1058 1899 1156 1940 Pigh.
1181 1904 1192 1919 ‘
1206 1900 1296 1933 Haec
1309 1901 1418 1932 verba
1434 1901 1548 1942 reperi
1563 1901 1598 1932 in

113 1938 200 1972 Mss.
215 1949 289 1972 sex.
302 1940 336 1972 in
350 1940 450 1973 Leid.
462 1946 552 1983 sept·
565 1951 696 1974 amann
710 1942 877 1976 secunda.
923 1943 1043 1976 Ceteri
1054 1953 1132 1976 cum
1147 1944 1246 1986 Mog.
1264 1944 1393 1977 rectius
1408 1943 1600 1982 omittunt?

112 1982 332 2017 Tenem—49
353 1984 452 2017 Unus
467 1985 599 2018 Brand.
615 1995 692 2018 cum
709 1986 834 2029 Ultraj.
851 1989 883 2019 1.
904 1990 942 2019 et
956 1986 1038 2019 Vet.
1063 1991 1272 2027 numercmte3
1301 1988 1435 2031 aliquot
1449 1988 1596 2020 Torren.

772 2094 924 2129 NOTAE

153 2180 169 2202 ‘¹
192 2180 362 2224 Erythroeo
377 2181 566 2226 [Erectheo]
586 2182 705 2226 littori]
727 2183 823 2216 Non·
878 2183 1006 2226 partim
1024 2181 1220 2226 praecipitia
1231 2182 1431 2216 hauserunt.
1479 2181 1596 2215 Caeso·

110 2233 196 2266 nulli
238 2234 372 2275 legunt,
418 2234 590 2277 Erythreo,
620 2234 682 2267 sed
710 2234 820 2268 malet
877 2244 953 2267 rum
979 2244 1143 2267 numerus
1169 2233 1248 2266 iniri
1272 2244 1340 2267 non
1370 2233 1596 2277 potnit,qnia

110 2285 211 2318 littus
227 2289 296 2326 est,
317 2285 383 2318 nisi
406 2294 485 2318 mea
507 2295 563 2318 me
583 2284 676 2318 fallit
690 2285 821 2328 opinio,
877 2295 942 2328 per
971 2285 1160 2319 amfractus
1185 2286 1353 2318 montium
1388 2290 1426 2318 et
1451 2284 1535 2326 fuga
1559 2288 1596 2315 et

110 2334 244 2369 Atticae
258 2336 407 2379 regionis
420 2346 490 2369 non
507 2336 630 2379 procul
645 2336 690 2369 ab
705 2336 824 2369 Ericli-
878 2336 994 2370 caedes
1022 2336 1114 2377 fuit3
1148 2339 1204 2371 40.
1227 2337 1336 2370 millia
1361 2342 1477 2379 capta.
1536 2335 1593 2369 Ita

108 2387 194 2428 thia,
208 2387 299 2431 qnod
315 2387 445 2421 Atticae
457 2387 622 2431 oppidum
639 2388 720 2421 olim
733 2387 813 2422 fuit.
877 2388 996 2423 Livius
1010 2389 1072 2423 lib.
1088 2397 1256 2423 xxxvrn.

150 2444 166 2461 θ
191 2440 475 2483 Gallogroecorum]
498 2441 538 2474 In
559 2446 631 2474 tres
646 2440 745 2485 quasi
760 2451 820 2474 ua·
919 2439 932 2462 ¹
951 2441 994 2474 In
1012 2442 1148 2485 Olympo
1160 2441 1282 2483 monte]
1298 2441 1377 2475 Nou
1389 2437 1596 2480 Thessaliae,

109 2490 222 2523 tiones
254 2491 354 2523 divisi
392 2496 494 2524 erant
528 2491 624 2524 Galli
647 2491 816 2526 Asiatici:
875 2491 938 2525 sed
949 2492 1206 2535 Gallograeciae.

109 2540 242 2573 dnobus
266 2542 396 2584 praeliis
425 2543 502 2575 illos
530 2543 616 2576 vicit
637 2543 816 2584 Manlius;
915 2548 933 2572 t
955 2544 997 2576 In
1011 2554 1104 2586 quem
1117 2542 1269 2586 [consulis
1285 2541 1394 2584 jum]
1413 2541 1523 2573 Immo
1540 2540 1591 2572 in·

109 2601 176 2623 uno
197 2593 453 2636 Tolistobogios
480 2599 518 2627 et
541 2594 744 2635 Ττοὲωἰοες
768 2596 817 2628 al·
867 2595 990 2637 jussu:
1015 2595 1059 2627 sd
1086 2594 1284 2627 leniendam
1310 2594 1403 2625 enim
1428 2592 1588 2634 injuriam

106 2647 185 2676 tero
194 2643 421 2687 Tectosagas.
436 2645 515 2679 Jam
530 2649 684 2678 montem
696 2645 818 2689 Olym·
873 2655 972 2688 spem
989 2646 1159 2678 libertatis
1177 2644 1311 2677 mulieri
1328 2643 1412 2676 facit
1429 2654 1439 2682 ;
1464 2643 1523 2675 illa
1536 2648 1588 2675 ta·

107 2702 188 2735 pum
203 2700 426 2737 occuparant,
436 2706 513 2729 cum
525 2696 678 2728 Manlius
692 2706 818 2739 accep·
872 2698 1002 2730 lentum
1030 2696 1104 2729 nuri
1132 2695 1244 2728 Attici
1275 2698 1391 2736 pacta,
1407 2694 1517 2727 mittit
1543 2693 1587 2727 ad

109 2745 154 2776 tis
169 2753 190 2776 a
213 2745 251 2777 1..
279 2745 442 2787 Scipione
457 2746 568 2789 copiis
590 2747 668 2779 illos
694 2756 818 2790 aggre·
873 2758 954 2781 suos
978 2748 1036 2790 qui
1052 2756 1171 2779 aurum
1184 2745 1376 2778 deferrent.

110 2795 226 2827 ditur:
251 2796 377 2837 partim
402 2797 550 2838 gladius,
578 2798 706 2839 partim
736 2797 818 2839 tela,
