1878 3132
301 137 389 182 830
703 154 922 189 vAme
949 156 1147 190 ΜΑΧιΜι
1181 159 1281 192 mn.
1319 161 1388 193 [x.

303 250 443 294 vixit:
485 251 681 308 ideoque
720 252 938 310 Physcon
969 257 1225 312 appellatus
1262 262 1344 302 est.
1405 258 1546 316 Cujus
1574 261 1776 319 nequitia

295 316 415 373 quid
453 322 677 377 nequius‘l
716 336 918 367 sororem
957 329 1064 368 natu
1101 326 1316 383 majorem
1355 330 1583 373 communi
1618 330 1775 374 fratrib

303 393 489 444 nuptam
522 391 610 434 sibi
628 393 790 436 nubere
824 393 988 449 coegit.
1048 394 1216 439 Postea
1246 397 1406 440 deinde
1439 397 1534 441 filia
1566 398 1666 455 ejus
1694 412 1776 464 per

302 458 394 501 vim
414 462 663 516 stuprata,
650 475 798 517 lpsam
818 463 1003 515 dimisit,
1007 469 1022 488 ⁰
1050 467 1099 507 ut
1119 477 1308 509 vacuum
1326 467 1479 510 locum
1498 467 1670 523 nuptiis
1689 481 1774 524 pu-

302 527 402 571 ellae
423 529 620 572 facerem

358 597 402 640 6.
433 597 767 643 Consentaneus
784 601 915 655 igitur
932 603 1113 657 regibus
1144 603 1239 646 suis
1269 606 1410 660 gentis
1432 604 1659 662 AEgyptiae
1689 619 1773 661 po-

302 667 464 721 pulus:
495 668 574 722 qui
595 667 736 711 ductu
755 662 1002 713 Archelaid
1029 671 1248 715 adversus
1266 671 1324 716 A.
1346 673 1589 717 Gabinium
1613 674 1773 717 moeni-

301 736 388 779 bus
409 737 531 778 urbis
552 749 772 791 egressuS‚
792 751 896 780 cum
916 741 930 761 ‘
943 742 1093 782 castra
1114 740 1233 783 vallo
1263 746 1400 798 atque
1418 743 1547 786 fossa
1566 743 1744 800 cingere
1765 745 1776 763 '

291 803 537 860 juberetur,
559 805 790 849 universus
808 808 1118 862 succlamavit,
1140 812 1154 832 ‘
1169 813 1219 853 ut
1235 809 1283 852 id
1304 823 1418 866 opus
1430 811 1616 867 publica
1627 812 1772 869 ¹pecn-

300 873 378 917 nia
396 874 651 917 faciendum
669 874 918 920 locaretur!
974 876 1267 934 Quapropter
1286 879 1460 924 deliciis
1474 881 1565 924 tam
1585 894 1771 926 enerves

298 942 434 986 animi
454 943 660 999 spiritum
680 945 906 987 exercitus
925 946 1066 988 nostri
1087 946 1306 991 sustinere
1325 961 1417 990 non
1437 949 1756 1005 potuerunt.⁴⁴‡

355 1011 398 1053 7.
428 1011 518 1054 Sed
538 1014 687 1054 tamen
705 1012 1017 1056 effoeminatior
1036 1014 1273 1058 multitudo
1306 1015 1586 1072 Cypriorum,
1606 1017 1684 1075 qui
1703 1031 1770 1061 re-

297 1079 425 1134 ginas
444 1093 550 1123 suas
571 1080 801 1124 mulierum
823 1082 1085 1137 corporibus
1104 1083 1230 1126 velut
1249 1084 1460 1138 gradibus
1480 1087 1768 1139 constructis,

299 1162 391 1204 quo
415 1149 594 1192 mollius
622 1150 818 1205 vestigia
846 1151 1016 1206 pedum
1048 1156 1274 1208 ponerent,
1292 1166 1445 1197 currus
1474 1155 1792 1198 conscendere.

299 1231 430 1274 aequo
458 1219 608 1261 animo
639 1219 932 1263 sustinebant.
995 1220 1120 1264 Viris
1141 1222 1277 1275 enim,
1295 1223 1336 1265 si
1362 1223 1493 1266 modo
1513 1223 1598 1266 viri
1626 1228 1767 1280 erant,

296 1287 394 1330 vita
413 1300 577 1340 carere,
598 1301 733 1343 quam
754 1293 844 1332 tam
864 1290 1054 1333 delicato
1080 1291 1269 1364 imperio
1301 1292 1604 1347 obtemperare
1625 1292 1767 1336 satius

294 1356 392 1400 fuit.

901 1425 1139 1439 000000000000

295 1501 428 1579 PlutoZl
431 1511 493 1544 pro
509 1502 679 1578 Pthyscon
667 1512 701 1535 m
716 1503 891 1546 plerisque
906 1503 1006 1537 codd.
1023 1504 1153 1537 Phitrio
1169 1504 1281 1538 Bitur.
1293 1507 1323 1537 1.
1325 1507 1412 1538 -44
1434 1505 1558 1548 (ἔρρεε
1574 1508 1608 1537 et
1621 1503 1721 1539 Leid.
1729 1507 1764 1538 6.

295 1555 356 1577 non
377 1556 395 1577 ι·
428 1556 527 1578 uerum

954 1619 1104 1652 NOTAE

292 1699 389 1737 getes
419 1695 462 1728 ab
491 1694 759 1738 Alexandrinis;
790 1697 1001 1740 Evergetem
1057 1697 1096 1730 C.
1110 1700 1188 1730 621.
1226 1696 1312 1730 Ant.
1329 1697 1390 1730 ch.
1410 1700 1483 1730 131.

294 1752 408 1780 tamen
425 1747 593 1790 appellari
610 1758 647 1780 se
663 1748 814 1782 volebat.
1098 1748 1114 1770 ἃ
1136 1749 1246 1781 Duc-tu
1261 1748 1426 1790 Archelai]
1448 1747 1513 1781 eui
1536 1748 1670 1792 Regina
1694 1749 1763 1782 Be-

335 1797 350 1819 b
367 1798 534 1830 Communi
539 1798 662 1840 fratri]
687 1799 869 1832 Ptolemaei
884 1799 999 1832 Philo·
1055 1799 1171 1832 renice
1187 1800 1384 1832 Ptolemaeo
1401 1804 1503 1841 patre
1524 1799 1622 1841 pulso
1637 1809 1762 1842 nupse-

290 1850 448 1888 metoris‚
463 1859 564 1892 quem
579 1859 687 1892 regno
701 1851 904 1892 expulerat:
924 1850 1001 1892 ipse
1054 1855 1130 1884 rat:
1166 1850 1300 1883 duobus
1330 1850 1366 1882 in
1397 1849 1527 1892 praeliis
1557 1860 1579 1882 a
1607 1849 1761 1883 Gabinio

291 1901 381 1933 enim
397 1900 491 1942 prius
507 1900 675 1942 regnabat
689 1900 725 1933 in
738 1900 886 1943 Cyrene.
1055 1902 1164 1935 victus
1190 1907 1263 1942 est3
1287 1911 1431 1945 quorum
1445 1902 1480 1935 in
1496 1902 1606 1934 altero
1621 1907 1758 1945 eaptus,

335 1956 350 1973 ⁰
374 1951 526 1993 Dimisit]
551 1951 638 1984 Cum
658 1952 693 1984 in
713 1953 878 1994 populum
895 1952 999 1985 caedi-
1054 1958 1091 1986 et
1106 1953 1255 1995 pecunia
1270 1952 1444 1993 dimissus,
1466 1952 1501 1984 in
1519 1953 1631 1985 altero
1646 1962 1757 1986 caesus

290 2004 354 2037 bus
386 2007 617 2046 grassaretur,
651 2003 790 2037 incensa
822 2014 843 2036 a
873 2005 1000 2046 populo
1052 2008 1125 2045 est3
1151 2015 1211 2037 seu
1225 2014 1246 2037 a
1261 2003 1439 2045 Romanis,
1454 2008 1492 2036 ut
1507 2004 1623 2046 placet
1638 2005 1757 2048 Dioni,

291 2055 399 2096 regia,
420 2055 495 2096 ipse
512 2054 546 2087 in
565 2054 718 2097 Cyprum
741 2054 897 2098 aufugit:
920 2055 999 2088 hinc
1053 2066 1114 2088 seu
1130 2066 1150 2088 a
1165 2055 1369 2095 Ptolemaeo,
1385 2059 1425 2087 ut
1440 2054 1513 2087 vuit
1523 2055 1662 2088 Strabo.

290 2106 390 2138 multi
417 2106 598 2148 tumultus,
620 2115 706 2149 quos
736 2105 811 2139 fuse
840 2106 1000 2140 „lustinus
1096 2112 1112 2146 ‡
1134 2107 1204 2140 An.
1220 2108 1272 2140 M.
1297 2109 1395 2140 3999.
1435 2106 1492 2140 01.
1509 2109 1583 2140 181.
1598 2109 1631 2140 2.
1670 2106 1756 2142 Urb.

292 2157 524 2201 persequitur.
1054 2160 1094 2192 C.
1114 2162 1191 2192 698.
1225 2157 1308 2192 Ant.
1325 2158 1388 2191 Ch.
1404 2160 1460 2191 54.

338 2215 352 2247 ὲ
376 2208 443 2243 An.
461 2209 511 2242 M.
527 2211 624 2242 3922.
664 2209 722 2243 01.
749 2212 822 2244 162.
845 2213 875 2243 l.
911 2210 998 2243 Urb.
