1878 3132
281 160 369 203 608
692 172 897 205 munau
931 174 1128 206 ΜΑΧῙΜῙ
1164 176 1258 208 mu.
1283 177 1350 208 νῐ.

282 270 422 324 nysii⁵
451 269 623 326 tyranni
643 272 827 324 exitum,
862 278 1040 329 propter
1064 275 1244 317 nimiam
1265 288 1437 318 morum
1461 276 1749 320 acerbitatem

280 343 325 381 et
361 339 655 382 intolerabilia
689 354 839 392 onera,
878 342 1001 385 votis
1040 345 1372 397 expetentibus,
1411 345 1509 388 sola
1546 346 1751 401 quotidie

281 409 501 450 matutino
520 413 724 463 tempore
747 410 886 460 Deos,
908 415 956 453 ut
974 412 1216 454 incolumis
1238 425 1292 455 ac
1322 414 1409 455 sibi
1433 420 1662 468 superstes
1679 427 1750 457 es-

282 481 363 526 set,
384 477 558 519 orabat.
618 476 755 528 Quod
774 479 852 520 ubi
871 478 913 519 is
933 481 1155 534 cognovit,
1176 494 1263 523 non
1283 481 1478 524 debitam
1494 487 1529 514 ⁵⁷
1561 484 1648 526 sibi
1669 483 1747 526 ad-

281 544 465 587 miratus
485 545 864 598 benevolentiam,
888 549 1076 590 arcessit
1093 562 1207 600 eam,
1229 555 1288 601 et,
1310 553 1323 571 ‘
1338 551 1447 605 quid
1469 552 1533 594 ita
1552 552 1656 604 hoc,
1671 556 1751 596 aut

280 626 372 667 quo
409 626 490 654 suo
525 614 681 656 merito
716 613 912 666 faceret‚'
942 616 1240 672 interrogavit.
1300 618 1418 660 Tum
1448 620 1543 672 illa,
1576 623 1590 644 ‘
1611 621 1752 664 Certa

281 678 377 731 est‚'
407 681 568 736 inquit,
601 682 744 724 ‘ratio
775 683 994 737 propositi
1017 685 1128 727 mei:
1159 686 1314 740 puella
1348 687 1480 739 enim,
1517 701 1620 732 cum
1653 701 1750 744 gra-

281 762 381 791 vem
403 754 637 805 tyrannum
657 751 940 803 haberemuS,
960 765 1112 794 carere
1134 766 1189 796 eo
1211 754 1479 809 cupiebam:
1504 769 1596 811 quo
1614 758 1748 802 inter-

278 815 414 869 fecto,
450 819 682 873 aliquanto
714 821 864 863 tetrior
879 820 912 850 ⁵⁸
944 834 1088 863 arcem
1124 824 1380 878 occupavit.
1443 823 1553 880 Ejus
1574 839 1753 881 quoque

279 885 397 928 finiri
427 887 775 930 dominationem
794 888 944 942 magni
966 889 1274 932 aestimabam:
1306 892 1489 934 tertium
1509 897 1554 934 te
1583 896 1754 949 superi-

280 955 435 997 oribus
455 956 824 1011 importuniorem
856 957 1017 1000 habere
1046 959 1268 1014 coepimus
1296 965 1529 1004 rectorem.
1589 962 1754 1018 Itaque

278 1024 545 1080 [timens,]⁵⁹
575 1039 648 1077 ne,
685 1027 725 1068 si
759 1029 809 1068 tu
842 1026 981 1069 fueris
1012 1028 1255 1080 absumtus,
1289 1029 1480 1072 deterior
1518 1030 1564 1072 in
1603 1030 1754 1074 locum

280 1097 403 1134 tuum
426 1093 652 1145 succedat,
673 1098 811 1149 caput
830 1108 978 1136 meum
997 1108 1077 1150 pro
1099 1100 1180 1138 tua
1201 1097 1343 1141 salute
1365 1097 1596 1141 devoveo!
1635 1099 1754 1143 Tam

279 1160 471 1204 facetam
493 1163 728 1206 audaciam
753 1163 997 1219 Dionysius
1018 1165 1174 1219 punire
1195 1166 1394 1209 erubuit.

338 1230 382 1272 2.
415 1230 534 1272 Inter
552 1230 633 1272 has
650 1235 695 1273 et
714 1231 1003 1274 Theodorum
1020 1231 1284 1288 Cyrenaeum
1300 1235 1431 1291 quasi
1448 1235 1642 1278 animosi
1659 1236 1753 1291 spi-

280 1299 393 1341 ritus
425 1299 683 1355 conjugium
714 1313 816 1342 esse
845 1302 1006 1356 potuit,
1033 1303 1199 1345 virtute
1227 1317 1325 1359 par,
1359 1304 1579 1347 felicitate
1617 1304 1754 1347 dissi-

283 1368 402 1410 mile.
462 1368 513 1410 Is
552 1369 672 1411 enim
709 1369 980 1426 Lysimacho
1019 1371 1135 1426 regi‘
1163 1377 1351 1415 mortem
1386 1373 1475 1415 sibi
1514 1373 1753 1425 minitanti,

281 1440 293 1459 ⁸
310 1436 577 1489 Enimvero‚'
617 1437 778 1493 inquit,
809 1441 822 1461 ‘
838 1439 1075 1494 magnifica
1096 1453 1166 1482 res
1185 1441 1266 1483 tibi
1288 1441 1492 1496 contigit,
1512 1442 1618 1497 quia
1649 1454 1754 1484 can-

282 1505 472 1548 tharidis
493 1507 584 1549 vim
603 1510 845 1550 assecutus
868 1506 947 1550 es.5
1006 1507 1209 1564 Cumque
1243 1510 1330 1552 hoc
1366 1508 1489 1553 dicto
1516 1522 1754 1561 accensus,

282 1575 408 1617 cruci
428 1589 529 1617 eum
551 1575 697 1630 suffigi
724 1575 955 1631 jussisset,
986 1578 1244 1620 ‘Terribilis
1280 1577 1410 1630 haec‚’
1441 1578 1524 1630 ait,
1556 1581 1756 1634 ‘purpu-

281 1645 389 1685 ratis
410 1645 470 1686 sit
488 1644 600 1687 tuis:
621 1659 721 1688 mea
738 1645 920 1700 quidem
941 1646 1052 1688 nihil
1068 1647 1273 1699 interest,
1289 1647 1470 1690 humine
1489 1660 1547 1690 an
1566 1647 1756 1690 sublime

282 1712 560 1767 putrescam?

903 1812 1142 1826 “nom“

281 1886 323 1916 5⁷
347 1882 404 1915 Ita
419 1882 589 1915 tredecim
604 1883 704 1915 codd.
719 1883 862 1915 Torreu.
879 1888 915 1917 et
928 1885 1010 1917 Vet.
1057 1885 1200 1927 Pighius
1217 1895 1300 1918 vero
1313 1889 1508 1918 mutaverat
1522 1885 1561 1917 in>
1572 1885 1756 1920 indebitam.

280 1929 368 1958 -58
394 1927 463 1958 Pro
489 1927 603 1958 tetrior
627 1927 762 1968 aliquot
786 1927 887 1959 codd.
914 1928 1058 1960 Turi-eu.
1081 1929 1318 1961 decertum-59
1341 1930 1352 1947 ‘
1368 1930 1447 1962 Vox
1470 1930 1586 1962 timens
1609 1929 1715 1962 abest
1731 1940 1757 1962 ‘a

283 1970 391 2011 Lipsii
406 1974 539 2009 vetere,
561 1970 585 2002 i.
599 1979 631 2001 e.
658 1971 740 2001 Vet.
755 1975 903 2013 utroque
931 1970 1060 2004 Braud.
1075 1972 1168 2004 Uitr.
1185 1972 1284 2013 prim.
1311 1972 1412 2005 Harl.
1431 1972 1500 2005 Bit.
1517 1978 1554 2005 et
1570 1972 1664 2006 Medi
1687 1981 1757 2006 sec.

281 2013 387 2044 Barb.
406 2013 505 2053 prim.
523 2013 647 2054 Copes.
663 2019 698 2045 et
726 2014 839 2045 Periz.
883 2014 971 2046 Mihi
996 2015 1291 2056 persuasissimum
1317 2022 1380 2058 est,
1401 2016 1491 2048 hane
1515 2024 1635 2048 vocem
1651 2016 1759 2048 aava·

281 2056 369 2088 lerio
385 2066 452 2088 non
469 2065 558 2098 esse,
583 2057 663 2088 licet
676 2057 751 2098 jam
766 2057 823 2090 J0.
837 2056 968 2090 Sarisb.
985 2067 1061 2090 eam
1081 2059 1218 2100 legerit,
1242 2068 1348 2102 quare
1365 2059 1463 2091 uncis
1490 2059 1628 2091 inclusi.
1672 2059 1757 2092 'For-

283 2100 397 2131 renius
424 2099 530 2131 etiam
557 2105 654 2131 recte
682 2101 744 2139 ait,
767 2100 882 2132 deleto
910 2101 1037 2140 timens,
1060 2102 1245 2134 animosius
1269 2111 1468 2143 responsum
1493 2111 1580 2142 esse,
1603 2102 1683 2144 quia
1705 2101 1757 2135 sic

283 2142 376 2184 quod
393 2141 556 2182 faciebat,
571 2153 641 2175 uon
657 2143 770 2175 timori
787 2153 849 2174 suo
866 2144 1052 2184 tribuebat,
1069 2145 1130 2176 sed
1143 2146 1244 2177 saluti
1262 2145 1402 2186 patriae,
1418 2155 1480 2186 pro
1496 2155 1562 2187 qua
1577 2154 1643 2177 non
1659 2145 1759 2178 dubi-

284 2189 338 2217 tat
351 2191 458 2260 capsut
473 2195 571 2218 suum
598 2186 783 2227 devovere,
806 2191 843 2218 et
870 2197 933 2219 sua
955 2192 1068 2220 morte
1089 2189 1163 2230 ejus
1179 2189 1285 2221 vitam
1313 2188 1485 2221 redimere
1500 2198 1520 2221 a
1539 2188 1614 2221 Diis
1634 2192 1758 2231 parata

289 2233 355 2261 est.
427 2238 499 2270 app.

966 2294 1112 2327 NOTAE

328 2374 340 2390 ¹
362 2368 529 2412 Dionysii]
549 2368 714 2403 Junioris.
1050 2374 1173 2403 contra
1207 2370 1389 2403 Seleucum
1429 2380 1585 2413 pugnans
1615 2370 1756 2404 cecidit.

325 2423 336 2442 ⁸
359 2421 547 2463 Lysimacho
571 2421 657 2463 regi]
691 2420 760 2454 Qui
783 2420 887 2452 rebus
916 2425 995 2461 post
1050 2421 1107 2453 De
1123 2431 1191 2464 quo
1211 2422 1320 2454 multa
1341 2421 1375 2453 in
1398 2422 1490 2453 notis
1508 2420 1551 2453 ad
1570 2419 1759 2456 Justinum.

286 2471 478 2505 Alexandri
491 2476 637 2505 mortem
653 2471 760 2514 gestis
772 2470 997 2512 clarissimus,
