1878 3132
296 158 408 192 cAP.
431 157 483 190 11.
515 157 580 190 DE
609 156 898 190 SAPIENTER
930 157 1096 191 ch'rls
1126 159 1229 193 AU'r
1261 160 1449 194 FAc'rls.
1563 150 1651 195 679

181 254 263 300 sed
290 259 475 309 ornat03
518 267 577 298 an
604 253 839 310 locupleti,
868 253 999 298 sed⁵⁴
1041 266 1199 310 pamm
1227 257 1436 311 probato,
1455 258 1650 303 colloca-

179 324 274 368 ret.’
332 323 418 367 Cui
436 325 492 377 is,
511 321 698 376 ‘Malo,’
723 322 884 379 inquit,
910 322 1084 366 ‘virum
1119 324 1322 378 pecunia,
1349 338 1482 380 quam
1513 341 1651 383 pecu-

178 393 301 436 niam
320 393 420 436 viro
450 391 755 448 indigentem.'
813 390 918 444 Quo
937 390 1064 434 dicto
1089 392 1281 435 stultum
1300 395 1487 447 monuit,
1506 400 1557 439 ut
1576 410 1651 451 ge-

178 475 330 506 nerum
346 462 516 518 potius,
536 474 674 517 quam
693 461 877 504 divitias
895 460 1043 516 generi
1061 460 1259 516 legerem

238 531 310 574 10.
337 529 449 586 Age,
470 529 677 586 Philippi
696 543 833 586 quam
847 529 1096 586 probabilis
1116 529 1328 586 epistola,
1340 530 1389 575 in
1408 544 1499 587 qua
1512 532 1654 577 Alex-

179 598 364 642 andrum
393 599 672 655 quorundam
702 599 1004 643 Macedonum
1033 599 1392 645 benevolentiam
1419 600 1655 656 largitione

182 665 243 711 ad
261 680 312 711 se
334 668 555 711 attrahere
574 673 787 712 conatum
807 669 875 712 sic
903 669 1154 724 increpuit:
1186 671 1199 691 ‘
1219 667 1338 721 Quae
1357 673 1416 722 te,
1435 669 1517 722 fili,
1538 671 1655 715 ratio

181 735 229 780 in
247 735 362 779 hanc
380 740 476 779 tam
495 750 657 780 vanam
677 751 805 793 spem
825 737 1016 789 induxit,
1034 741 1084 781 ut
1102 750 1184 781 eos
1206 738 1288 782 tibi
1307 738 1461 784 fideles
1482 739 1658 783 futuros

179 804 481 857 existimares,
501 819 615 862 quos
647 807 843 862 pecunia
876 806 935 850 ad
964 820 1159 850 amorem
1185 809 1252 851 tui
1273 809 1607 864 compulisses?
1629 823 1659 853 a

181 873 366 917 caritate
395 874 517 918 istud
548 873 832 930 praestatur.’‡
889 874 956 918 At
971 888 1080 918 vero
1113 879 1216 919 ante
1245 875 1484 933 Philippus
1494 882 1528 908 ⁵5
1562 890 1657 922 ma-

178 941 282 998 jore
301 955 360 986 ex
379 946 507 998 parte
527 947 748 987 mercator
768 943 982 996 Graeciae,
1003 957 1136 999 quam
1157 945 1312 989 victor.

242 1011 314 1055 11.
345 1011 617 1056 Aristoteles
653 1018 807 1057 autem
847 1012 1166 1057 Callisthenem
1182 1019 1200 1038 ¹¹
1244 1014 1492 1058 auditorem
1528 1028 1660 1059 suum

185 1079 245 1123 ad
265 1079 578 1124 Alexandrum
597 1081 825 1125 dimittens
837 1080 873 1112 ⁵⁶
902 1082 1089 1135 monuit,
1121 1086 1135 1105 ‘
1151 1088 1204 1126 ut
1223 1097 1326 1127 cum
1346 1098 1403 1127 eo
1431 1088 1509 1128 aut
1526 1085 1663 1128 raris-

183 1148 311 1201 sime,
327 1155 410 1193 aut
430 1163 563 1206 quam
577 1150 905 1207 jucundissime
923 1152 1207 1207 loqueretur:
1239 1166 1330 1209 quo
1346 1153 1520 1196 scilicet
1537 1154 1663 1208 apud

185 1218 333 1272 regias
356 1232 484 1263 aures
503 1220 577 1263 vel
606 1220 785 1263 silentio
822 1221 977 1273 tutior,
1013 1222 1088 1264 vel
1117 1235 1318 1264 sermone
1350 1225 1474 1266 esset
1504 1235 1663 1279 accep-

185 1287 301 1330 tior.’
378 1286 442 1331 At
478 1289 554 1331 ille
590 1289 699 1332 dum
737 1287 1050 1333 Alexandrum
1091 1289 1392 1336 Macedonem
1423 1291 1614 1336 Persica
1628 1298 1666 1325 ⁵⁷

187 1356 462 1400 salutatione
509 1359 775 1414 gaudentem
824 1358 1044 1414 objurgat,
1090 1365 1136 1402 et
1181 1359 1240 1402 ad
1286 1359 1616 1404 Macedonicos
1630 1361 1664 1393 ⁵⁸

187 1437 336 1468 mores
362 1426 555 1470 invitum
587 1439 803 1470 revocare
834 1426 1054 1471 benevole
1090 1432 1364 1484 perseverat,
1396 1429 1558 1485 spiritu
1589 1443 1665 1473 ca-

806 1558 1049 1571 omNO⁴Om

189 1628 308 1663 multis
325 1628 427 1662 codd.
437 1629 581 1663 Torren.
596 1635 636 1663 ut
648 1640 742 1673 saepe
759 1630 946 1664 alibi.-54
960 1630 1247 1674 Conjunctionem
1259 1631 1314 1664 sed
1329 1630 1494 1664 omittunt
1508 1631 1669 1666 undecim

190 1672 295 1706 codd.
309 1673 454 1705 Torren.
470 1677 507 1706 et
518 1674 600 1706 Vet.
617 1678 653 1707 et
677 1675 726 1708 sic
743 1675 856 1708 edidit
878 1675 1119 1718 Pighius.—55
1142 1675 1152 1692 ‘
1166 1674 1224 1707 lta
1246 1684 1325 1707 cum
1342 1675 1430 1708 Aldo
1453 1674 1564 1709 edidit
1584 1677 1670 1727 Pig-

190 1716 280 1759 hius,
303 1717 432 1749 nnilam
449 1726 494 1749 ex
509 1718 596 1750 Mss.
613 1717 683 1750 suis
701 1719 830 1751 variam
846 1719 1036 1752 lectionem
1052 1717 1211 1759 afferens,
1233 1728 1310 1750 cum
1338 1725 1455 1751 tamen
1481 1718 1584 1753 codd.
1610 1720 1669 1754 inc

192 1759 281 1794 adeo
298 1760 447 1793 varient.
490 1761 618 1804 Copes.
635 1762 725 1796 Dan.
741 1762 874 1796 Brand.
889 1767 1050 1806 uterque,
1075 1763 1189 1804 plures
1207 1761 1380 1804 Torrenii,
1393 1762 1475 1795 Vet.
1500 1772 1563 1806 pro
1586 1773 1671 1806 prce-

191 1806 299 1836 statur
314 1803 443 1836 habent
454 1807 558 1846 pater.
605 1805 652 1838 Et
667 1815 731 1847 pro
746 1805 794 1838 Ae
810 1816 884 1838 vero
899 1810 973 1839 ante
990 1806 1043 1838 vel
1058 1815 1136 1838 avus
1150 1806 1216 1846 eJ'us
1230 1815 1300 1845 rex,
1321 1811 1359 1838 ut
1375 1806 1499 1848 Copes.
1524 1807 1580 1839 vel
1593 1817 1671 1840 avus

192 1851 232 1879 ut
246 1846 376 1879 Brund.
395 1848 450 1879 vel
466 1858 556 1881 avus.
571 1859 601 1881 o.
618 1854 658 1881 ut
673 1850 761 1882 alter
776 1849 909 1883 Brund.
924 1850 980 1882 vel
1005 1853 1040 1882 at
1055 1859 1127 1882 vero
1143 1859 1219 1882 avus
1245 1849 1322 1890 eius,
1346 1849 1403 1881 vel
1427 1853 1462 1882 at
1486 1860 1560 1882 vero
1583 1861 1674 1892 avus,

191 1891 249 1922 vel
263 1893 295 1923 et
309 1900 400 1932 avus,
421 1891 476 1922 vel
493 1902 612 1934 quoque
625 1896 658 1924 et
672 1902 761 1935 avus,
785 1895 837 1926 vel
852 1903 929 1926 avus
941 1903 1025 1926 vero.
1071 1894 1173 1925 Unde
1191 1893 1336 1925 Colerus
1350 1892 1494 1934 conjicit
1508 1905 1516 1925 :
1542 1893 1573 1926 A
1589 1894 1673 1926 cari-

193 1936 261 1966 tate
287 1934 385 1966 istud.
422 1934 526 1966 Pater
550 1945 623 1967 vero
638 1936 824 1978 Philippus,
847 1946 948 1980 quam
973 1935 1209 1978 conjecturam
1223 1936 1380 1968 Vorstius
1402 1936 1551 1979 probat;
1573 1937 1673 1970 Peri-

196 1976 315 2009 zonius
332 1986 415 2009 vero
430 1978 523 2011 inter
539 1979 624 2011 alia:
650 1981 692 2012 ad
717 1990 854 2013 amorem
881 1981 931 2013 tui
953 1980 1152 2022 compulisses
1175 1989 1212 2011 ac
1237 1979 1418 2013 caritatem.
1463 1980 1558 2016 Istud
1581 1985 1674 2023 pater

194 2020 262 2059 eim
288 2020 470 2062 Philippus.
515 2022 562 2054 Et
591 2022 642 2056 sic
668 2024 860 2056 Torrenius
883 2024 1062 2056 Valerium
1092 2023 1274 2065 scripsisse
1304 2022 1442 2057 credit.'
1475 2025 1674 2066 Kopp.—56

194 2063 363 2106 Plerique
376 2064 478 2096 codd.
492 2065 635 2098 Tor-ren.
650 2068 790 2100 mittens.
836 2068 923 2100 Mox
939 2071 975 2100 ut
991 2067 1092 2100 deest
1106 2068 1141 2099 in
1157 2067 1246 2099 Dan.
1263 2067 1390 2108 Copes.
1406 2077 1475 2100 nno
1490 2067 1620 2100 Brand.
1636 2074 1675 2101 et

195 2107 316 2148 paucis
331 2107 418 2140 aliis.
462 2108 610 2142 Quidam
626 2110 756 2143 habent
769 2121 840 2144 cum
854 2122 889 2144 eo
901 2116 937 2144 ut
948 2121 1118 2153 nunquam,
1130 2114 1185 2144 aut
1199 2111 1380 2143 rarissime.-
1402 2111 1500 2152 item,
1512 2115 1568 2144 aue
1582 2122 1676 2144 raro.-

196 2160 290 2191 quom
314 2150 479 2184 rarissime
504 2152 633 2185 habent
657 2154 827 2188 editiones
857 2158 939 2187 ante
965 2155 1140 2196 Pighium,
1163 2154 1225 2187 sed
1275 2154 1453 2188 aucissimi
1481 2155 1674 2188 eodm—⁵7

197 2193 300 2226 Hanc
316 2194 397 2226 lect.
411 2194 511 2227 codd.
527 2200 563 2227 et
578 2197 728 2241 antiquis
743 2198 823 2230 edd.
839 2197 1024 2239 firmatam,
1045 2198 1224 2231 revocavit
1245 2199 1254 2211 '
1278 2208 1394 2232 orren.
1422 2209 1499 2232 cum
1528 2199 1675 2242 Pighius

197 2236 366 2278 dedisset,
386 2238 514 2270 Persica
533 2239 760 2273 Macedonum.-
787 2242 915 2284 Ultraj.
931 2245 962 2275 1.
987 2242 1084 2274 delet
1109 2242 1326 2282 Macedonem,
1350 2246 1388 2275 et
1415 2247 1541 2285 postea
1566 2242 1675 2275 habet

196 2281 386 2313 salutatione
402 2282 606 2315 Macedonica
618 2295 630 2321 ,·
653 2284 782 2326 Ultraj.
796 2288 830 2317 2.
851 2295 929 2318 curn
950 2285 1073 2327 Pighio
1097 2285 1183 2327 legit
1200 2286 1408 2318 Macedonum
1416 2297 1429 2325 ,·
1451 2286 1513 2318 sed
1541 2286 1674 2318 Medic.

200 2326 232 2355 1.
248 2329 285 2356 et
304 2325 399 2357 Leid.
414 2328 446 2357 2.
462 2326 593 2358 Persica
611 2327 817 2360 Macedonem
828 2339 841 2367 ;
865 2329 987 2370 ceteri,
1011 2329 1219 2362 Macedonem
1246 2329 1478 2362 Persem-58
1501 2329 1558 2362 Sic
1586 2330 1676 2362 bene

198 2369 356 2408 reposuit
382 2369 542 2401 Vorstius
578 2379 640 2411 pro
664 2371 835 2414 Pighiano
865 2372 1029 2413 nmjorum.
1075 2373 1161 2405 Mox
1187 2372 1280 2405 idem
1309 2372 1452 2405 benevole
1482 2373 1675 2413 revocavit,

199 2410 293 2454 quod
308 2412 451 2454 Pighius
467 2414 785 2449 contradicentibus
801 2416 900 2449 libris
917 2421 1148 2459 expunxerat.
1178 2416 1320 2452 Deinde
1336 2426 1401 2459 pro
1412 2416 1548 2450 salum-is
1562 2417 1676 2449 Bitur-

867 2515 1012 2549 NOTAE

244 2600 258 2630 †
283 2597 348 2630 An.
365 2598 416 2631 M.
429 2601 528 2633 3577.
556 2599 615 2633 Ol.
629 2603 683 2635 75.
699 2604 732 2635 4.
758 2600 848 2635 Urb.
865 2602 907 2635 C.
1006 2606 1023 2623 ¹¹
1040 2600 1279 2642 Callisthenem]
1301 2599 1443 2633 Genere
1459 2599 1677 2643 Olynthium,

201 2651 278 2681 276.
294 2649 375 2681 Ant.
392 2650 455 2682 Ch.
467 2653 546 2683 476.
964 2653 1166 2687 Aristotelis
1192 2652 1342 2694 affinem,
1354 2653 1468 2685 virum
1481 2663 1614 2688 summa
1629 2654 1678 2688 di-

247 2703 262 2735 t
287 2698 354 2731 An.
369 2700 420 2732 M.
436 2703 535 2734 3776.
553 2701 610 2737 01.
626 2705 701 2738 125.
717 2706 750 2738 3.
764 2704 852 2739 Urb.
870 2704 910 2738 C.
964 2706 1067 2741 cendi
1082 2704 1251 2740 facultate
1266 2703 1466 2748 praeditum.

202 2752 279 2782 475.
292 2748 375 2782 Ant.
389 2750 452 2784 Ch.
467 2754 542 2785 277.
