1878 3132
453 185 564 218 osv.
587 185 662 217 xi.
696 184 760 216 nn
792 184 1018 217 menonis
1053 185 1237 228 meris,
1269 179 1350 220 διο.
1553 176 1642 220 873

158 282 235 327 lud
254 282 295 326 si
325 295 447 339 aqua
476 296 567 326 non
599 285 823 338 potuero,⁹
852 282 980 325 ruina
1014 283 1305 339 extinguam.’
1365 284 1510 338 Quem
1532 285 1642 342 quid

158 351 281 397 aliud
309 351 639 403 existimemu8‚
659 364 797 407 quam
828 351 1120 395 conscientiae
1153 353 1346 396 stimulis
1366 358 1517 397 actum
1544 367 1572 397 a
1591 367 1641 397 se

158 422 417 466 inchoatum
438 421 726 478 parricidium
744 426 778 446 ¹0
808 422 1034 476 peregisse
1046 421 1082 463 ‘lt

214 492 258 534 4.
289 489 631 534 Consternatum
661 490 799 533 etiam
836 489 983 545 Magii
1003 489 1205 533 Chilonis
1237 491 1433 535 amentia
1453 496 1639 547 pectus:

156 560 233 616 qui
255 559 322 603 M.
344 559 565 603 Marcello
580 564 595 583 ⁸
626 558 782 602 datum
804 572 832 603 a
853 558 1034 603 Caesare
1054 559 1280 616 spiritum,
1303 573 1388 603 sua
1406 573 1539 604 manu
1557 562 1640 605 eri·

153 629 269 685 pnit-
327 627 477 672 Vetus
511 629 686 672 amicus
719 634 765 672 et
797 628 1093 685 Pompeianae
1110 635 1143 655 ¹¹
1176 629 1349 674 militiae
1384 643 1553 682 comes,
1574 631 1640 674 in-

152 697 368 753 dignat-‘s
398 699 597 754 aliquem
628 698 872 742 amicorum
904 699 963 742 ab
991 711 1045 741 eo
1071 698 1161 742 sibi
1196 698 1411 755 praeferri.
1471 699 1639 743 Urbem

152 768 270 811 enim
291 775 321 811 ‘a
342 760 604 824 Mity'vlenisj
627 778 720 824 quo
751 781 802 810 se
831 768 1095 820 contulerat,
1113 773 1400 824 repetentem,
1430 769 1478 814 in
1497 768 1639 812 Athe-

150 837 371 880 niensium
399 842 534 893 portu
568 838 767 894 pugione
806 837 1043 890 confodit‚⁸
1072 840 1368 895 protinusque
1399 838 1458 882 ad
1491 838 1638 883 irrita-

149 910 302 951 menta
319 908 519 951 vesaniae
549 920 646 951 suae
681 907 945 951 trucidanda
980 908 1202 961 tetendit:
1232 908 1449 953 amicitiae
1477 908 1637 961 hostis,

191 1049 207 1064 ⁸
221 1043 438 1087 Ptousa-squ
450 1045 589 1087 seipsum
603 1044 731 1078 vesania
744 1044 906 1087 agitatum
920 1044 1106 1079 trucidavit.

770 1150 1013 1165 &oeten-‘0000

145 1232 168 1262 9
189 1228 201 1248 ‘
213 1224 341 1272 Copes.
355 1237 434 1263 cum
451 1228 562 1263 tribus
578 1229 655 1263 aliis
669 1232 778 1271 potero
789 1241 803 1269 ;
827 1229 919 1273 qnod
946 1229 1067 1263 forsan
1091 1240 1159 1264 non
1175 1230 1435 1273 spernendum!
1458 1231 1635 1265 Tmen.-

146 1275 188 1306 10
211 1273 222 1291 ‘
235 1273 294 1306 Ita
306 1273 412 1314 habet
426 1274 509 1308 Vet.
524 1283 602 1307 cum
618 1273 791 1306 nonnuliis
806 1274 950 1307 Torreu.
964 1274 1068 1307 codd.
1097 1275 1228 1309 Sensus
1243 1281 1300 1308 est
1315 1276 1450 1309 clarus:
1468 1277 1633 1317 Catilina,

144 1327 248 1361 quem
262 1317 393 1351 stimuli
404 1318 635 1351 ⁴conscientiae
649 1322 806 1359 egerant,
828 1317 901 1350 sive
928 1319 987 1361 qui
1012 1319 1088 1361 ipse
1117 1329 1244 1360 negare
1262 1330 1328 1352 non
1345 1325 1491 1396 poterat
1507 1322 1635 1362 scelus,

141 1368 228 1394 voce
243 1370 305 1394 sua
321 1361 481 1404 improba
505 1361 706 1395 inchoatum
722 1371 740 1394 a
756 1371 793 1394 se
810 1361 1036 1404 parricidium
1052 1363 1200 1406 peregit.
1245 1363 1342 1396 Mani
1362 1368 1435 1396 este
1452 1371 1633 1407 opponun-

142 1408 199 1437 tur
211 1405 392 1438 inchoem
405 1410 442 1439 et
459 1406 630 1448 peregisse.
675 1404 793 1438 Actum
806 1415 873 1439 uon
889 1411 943 1439 cst
957 1406 1228 1449 substantivum,
1248 1408 1314 1440 sed
1341 1408 1562 1451 participium
1579 1417 1632 1441 re-

139 1443 324 1482 ferendum
339 1449 384 1482 ad
403 1450 517 1492 Quem,
534 1450 610 1483 scil.
639 1449 839 1482 Catilinam.
862 1450 1009 1492 Pighius
1035 1455 1073 1483 et
1099 1451 1264 1484 Colerus:
1287 1455 1394 1485 actum
1406 1463 1426 1484 a
1441 1462 1474 1485 se
1488 1452 1631 1485 inchoati

136 1493 330 1534 parricidio
354 1493 474 1538 Vorst.
501 1498 539 1526 et
563 1494 707 1526 'roi-reu.
724 1496 831 1526 actum
842 1493 1046 1527 simiam-um
1060 1505 1080 1528 ιι
1094 1505 1127 1528 se
1141 1495 1281 1528 inchoati
1303 1495 1488 1539 parricidii,
1511 1496 1631 1529 edide-

137 1540 233 1570 runt.
277 1536 349 1570 Sed
371 1538 574 1571 simulacrum
598 1538 635 1570 iu
661 1537 763 1572 codd.
790 1547 859 1570 non
886 1538 1077 1577 invenitur,
1099 1543 1136 1573 et
1160 1549 1180 1572 a
1207 1541 1402 1582 glossatore
1424 1540 1499 1572 sine
1525 1539 1630 1573 dubio

137 1579 295 1614 additum
311 1585 378 1615 est.
427 1582 506 1615 Non
523 1591 605 1624 ergo
621 1581 778 1614 dubitavi
805 1580 1004 1622 lectionem,
1025 1593 1101 1626 quae
1126 1587 1163 1616 et
1187 1583 1320 1617 idoneis
1335 1584 1483 1617 testibus
1498 1583 1633 1626 nititur,

137 1627 174 1656 et
195 1623 277 1658 huic
301 1624 381 1658 loco
408 1625 619 1658 conveniens
646 1629 714 1666 est,
738 1634 916 1660 revocare.
962 1626 1054 1659 Vide
1083 1627 1243 1670 Exempl.
1270 1630 1303 1661 6.
1327 1629 1337 1647 ⁴
1352 1628 1412 1660 Bis
1437 1627 1629 1670 parricida,

136 1669 280 1701 consilio
297 1669 405 1712 prius,
426 1669 553 1703 iterum
569 1668 799 1712 spectaculo!
844 1671 1002 1712 Exempl.
1018 1674 1053 1704 7.
1075 1671 1085 1689 ‘
1100 1671 1240 1705 Quanto
1263 1671 1354 1704 enim
1383 1672 1494 1704 levius
1515 1673 1629 1705 scelus

135 1714 203 1752 est,
225 1713 281 1746 cui
298 1713 538 1746 tantummodo
559 1723 678 1746 manus
704 1713 831 1746 abest!
878 1713 1019 1747 Mecum
1043 1713 1132 1747 facit
1156 1726 1293 1759 quoque
1318 1715 1515 1757 Torrenius,
1543 1715 1629 1749 licet

132 1755 354 1790 Vorstianam
368 1757 556 1790 lectionem
570 1756 812 1799 expresserit!
835 1758 1034 1800 Kupp.·-ll
1063 1759 1163 1792 Vetus
1187 1760 1284 1792 etiam
1309 1760 1424 1802 Pomp.
1447 1761 1503 1799 ,85⁶-
1527 1760 1628 1801 Pigb.

134 1808 178 1832 ex
193 1804 346 1843 quatuor
359 1801 462 1834 codd.
510 1801 608 1835 Vetus
623 1802 744 1835 amicus
757 1801 855 1836 etiam
870 1811 956 1835 unus
969 1803 1103 1836 Brand.
1154 1803 1250 1836 Vetus
1264 1807 1296 1837 et
1315 1805 1425 1846 Pomp.
1450 1809 1522 1836 tres
1545 1804 1630 1837 Tor·

805 1896 949 1930 NOTAE

134 1969 278 2012 assedit,
290 1970 441 2004 demisso
457 1971 568 2014 vultu,
593 1981 679 2005 voce
704 1971 854 2015 supplici
910 1974 1122 2012 negaverat;
1147 1970 1207 2003 sed
1225 1971 1332 2004 totius
1349 1970 1497 2003 Senatus
1515 1969 1626 2013 preci-

133 2022 314 2065 postulare
333 2031 354 2055 a
381 2022 547 2056 Patribus
576 2023 698 2066 coepit,
724 2033 768 2056 ne
794 2032 854 2056 ex·
911 2020 977 2054 bus
994 2021 1122 2065 victus,
1138 2022 1188 2054 illi
1202 2027 1239 2056 et
1255 2022 1403 2055 salutem
1420 2027 1457 2055 et
1474 2020 1625 2055 reditum

133 2074 330 2108 istimarent
353 2073 418 2107 sibi
447 2074 597 2118 patricio
623 2074 697 2107 viro
712 2074 851 2118 perdita
906 2073 1100 2106 concessit:
1126 2083 1208 2106 cum
1232 2073 1348 2113 multi,
1374 2077 1447 2106 tum
1473 2074 1551 2116 ipse
1567 2073 1624 2106 Ci-

132 2125 273 2169 Repub.
284 2135 371 2170 opus
386 2136 478 2168 esse,
494 2135 573 2160 cnm
589 2135 666 2159 eam
690 2130 850 2159 servaret

131 2178 182 2211 M.
200 2177 334 2211 Tullius
359 2178 547 2222 inquilinus
563 2178 652 2211 civis
668 2178 761 2211 urbis
778 2179 845 2211 Ro-

130 2234 197 2262 mae
215 2241 223 2262 :
243 2229 287 2262 ad
302 2229 379 2262 baec
401 2229 610 2272 obstrepere
625 2236 755 2268 omnes,
769 2230 845 2263 lios-

131 2284 204 2314 tem
226 2285 263 2315 et
284 2281 493 2324 parricidam
519 2289 663 2315 vocare:
690 2285 763 2315 tum
787 2281 845 2315 ille

129 2331 353 2377 furibundus,
368 2332 484 2377 inquit
498 2346 507 2368 ε
529 2335 539 2352 ‘
552 2334 843 2378 Quandoquidem

126 2394 193 2427 ego
204 2385 460 2418 circumventus
469 2384 514 2418 ab
525 2385 673 2419 inimicis
686 2396 844 2429 praeceps

127 2446 236 2481 agon
260 2438 457 2472 incendium
474 2446 588 2472 meum
603 2445 720 2473 vestra
744 2440 843 2474 ruina

125 2488 343 2533 restinguam
352 2489 374 2523 :’
390 2490 574 2523 deindeex
583 2491 692 2524 Curis
701 2491 841 2525 domum

126 2550 165 2577 se
178 2541 361 2585 proripuit.
408 2542 467 2575 Ita
480 2542 625 2576 Sallust.

171 2596 187 2627 †
208 2592 276 2626 An.
289 2594 341 2626 M.
357 2596 457 2627 3991.
482 2593 541 2628 01.
555 2597 630 2628 1⁷9.
644 2597 677 2628 2.
701 2594 789 2629 Urb.
802 2595 841 2629 C.

127 2647 204 2678 690.
235 2644 320 2677 Ant.
337 2645 401 2678 Cb.
415 2648 471 2679 62.

169 2700 186 2719 θ
206 2692 259 2728 Μ.
288 2695 459 2738 Marcello]
483 2697 552 2731 Qui
576 2706 656 2731 cuin
683 2699 840 2742 Sulpicio

125 2747 190 2780 sub
213 2748 350 2781 initium
366 2748 449 2781 belli
473 2749 584 2782 civilis
599 2751 729 2783 Consul
748 2755 838 2784 erat.

123 2798 224 2831 Illius
263 2798 416 2832 reditum
460 2809 554 2843 saepe
590 2799 693 2834 fratri
720 2801 841 2835 Caessr

903 2134 986 2158 cero
1011 2126 1167 2169 eleganti
1195 2126 1352 2159 oratione
1383 2125 1511 2168 gratias
1545 2125 1622 2168 egit

903 2177 1048 2210 Caesari.

945 2228 960 2249 f
990 2229 1178 2272 Mitylenis]
1214 2229 1390 2272 Mitylene
1419 2227 1502 2261 urbs
1536 2227 1618 2260 olim

900 2281 1050 2315 maxima
1064 2282 1100 2314 in
1118 2281 1243 2323 Lesbo,
1261 2282 1360 2324 quus
1383 2280 1522 2314 nomine
1540 2283 1618 2312 tots.

899 2333 1014 2366 insula
1030 2333 1204 2377 Mitylene
1219 2334 1323 2376 vulgo
1351 2332 1502 2371 dicitur;
1526 2340 1619 2363 nune

899 2385 1050 2418 Metelin.

940 2442 958 2466 Β
980 2436 1128 2478 Pugione
1154 2435 1309 2477 confodit]
1340 2434 1442 2467 Illius
1469 2438 1616 2467 mortem

896 2489 1065 2533 describit
1074 2489 1249 2531 Sulpicius
1260 2487 1304 2520 ad
1315 2486 1525 2520 Ciceronem
1531 2485 1616 2518 scri-

898 2541 996 2580 bens,
1022 2541 1081 2573 lib.
1098 2550 1147 2573 lv.
1174 2539 1286 2581 Epist.
1308 2548 1410 2582 quam
1438 2537 1617 2570 concludit

897 2592 950 2625 his
983 2591 1118 2628 verbis:
1156 2590 1236 2623 ‘Ita
1264 2590 1315 2622 vir
1338 2588 1548 2621 clarissimus
1570 2588 1615 2620 ab

895 2644 1032 2677 bomine
1050 2643 1230 2677 teterrimo
1258 2641 1483 2675 acerbissima
1498 2646 1612 2674 morte

896 2701 951 2729 est
977 2694 1146 2735 affectus;
1171 2700 1208 2727 et
1233 2694 1289 2727 cui
1311 2693 1442 2726 inimici
1469 2696 1614 2735 propter

894 2747 1102 2790 dignitatem
1132 2749 1400 2789 perpercersnt,
1451 2745 1613 2778 inventus

895 2804 951 2834 est
963 2799 1099 2833 amicus
1112 2798 1171 2843 qui
1185 2798 1218 2831 ei
1231 2801 1377 2830 mortem
1393 2794 1548 2829 afferret.
1558 2795 1568 2810 ’
