1878 3132
579 171 687 203 οΑΡ.
711 172 757 203 v.
790 172 854 204 ns
888 170 1241 206 vunncuunm.
1563 163 1649 206 465

783 366 926 410 cAP.
966 367 1024 411 V.

624 501 711 544 DE
741 501 1051 546 VERECUN
1063 501 1190 546 DIA.

193 642 210 671 1
235 638 361 681 Populi
380 636 535 670 Romani.
959 640 980 670 6
1003 638 1042 671 C.
1060 638 1143 672 Julii
1160 639 1308 672 Caesaris
1320 639 1512 673 dictatoris.

191 685 213 715 2
237 683 276 715 C.
288 682 447 715 Terentii
466 680 630 713 Varronis
647 680 726 714 Cos.
1301 716 1306 724 ,
1377 716 1383 719 ,

191 728 212 758 s
238 726 278 758 c.
295 725 442 758 Cicereii
458 724 645 757 candidati.
1156 714 1429 748 nummum.

192 773 214 802 4
237 770 277 801 L.
293 769 416 802 Licinii
433 768 548 801 Crassi
565 767 755 800 candidati.
963 770 978 799 1
1004 766 1162 808 Spurinae
1179 766 1358 800 Hetrusci.

193 816 212 845 5
237 813 277 846 C.
294 812 453 855 Pompeii
470 811 590 854 Magni
609 821 744 854 procos.
960 813 980 842 2
1006 811 1216 852 Legatorum
1231 810 1496 853 Spartanorum.

232 952 274 996 A
297 958 425 1005 QUA¹
458 954 754 1009 tempestivus
786 952 845 996 ad
883 951 1194 996 verecundiam
1224 952 1441 994 transitus
1462 951 1651 994 videtur.

174 1023 294 1067 Haec
314 1024 432 1066 enim
445 1023 717 1079 Justissimis
735 1023 844 1065 viris
864 1021 1097 1079 praecepit,
1120 1027 1170 1063 ut
1189 1022 1393 1077 privatas
1414 1021 1652 1064 facultates

143 1116 145 1118 >
172 1093 452 1148 negligerent,
486 1092 694 1147 publicas
725 1091 1236 1147 quamamplissimas2
1279 1105 1378 1134 esse
1419 1095 1650 1148 cuperent.

174 1161 328 1216 Digna
349 1162 421 1204 cui
442 1161 629 1217 perinde
651 1165 787 1217 atque
805 1167 817 1193 ³
851 1161 1026 1204 coelesti
1045 1160 1215 1203 numini
1238 1163 1523 1203 exstruantur
1543 1163 1653 1202 tem-

173 1230 263 1286 pla,
282 1244 461 1286 araeque
482 1236 818 1274 consecrentur:
849 1231 958 1286 quia
994 1243 1159 1285 parens
1195 1233 1265 1272 est
1299 1229 1446 1272 omnis
1476 1229 1654 1271 honesti

174 1299 367 1350 consilii,
388 1299 529 1342 tutela
550 1292 801 1342 solennium
823 1299 1109 1351 officiorum,4
1136 1299 1353 1353 magistra
1373 1299 1655 1350 innocentiae,

175 1380 280 1410 cara
299 1369 536 1424 proximiS,
567 1374 761 1425 accepta
783 1369 956 1420 alienis,
990 1369 1110 1411 omni
1129 1368 1249 1419 loco,
1272 1369 1420 1410 omni⁵
1452 1371 1654 1424 tempore

174 1437 466 1481 favorabilem
487 1452 582 1494 prae
609 1452 658 1481 se
677 1438 827 1481 ferens
843 1438 1027 1481 vultum.

232 1508 273 1549 1.
305 1507 395 1549 Sed
415 1513 467 1550 ut
502 1521 529 1550 a
562 1508 775 1551 laudibus
796 1507 898 1563 ejus
919 1507 975 1549 ad
996 1506 1120 1549 facta
1140 1506 1388 1557 veniamus,
1421 1519 1450 1548 a
1470 1505 1657 1548 condita

176 1574 301 1618 Urbe
324 1589 466 1631 usque
488 1576 545 1619 ad
565 1575 864 1626 Africanum?
894 1579 940 1617 et
969 1574 1041 1617 Ti.
1064 1574 1269 1628 Longum
1300 1573 1432 1616 Coss.
1464 1573 1656 1629 promis-

176 1657 289 1686 cuus
311 1646 484 1687 senatui
506 1650 553 1687 et
573 1645 745 1700 populo
764 1643 1111 1701 spectandorum
1141 1643 1354 1685 ludorum
1374 1643 1504 1686 locus
1533 1647 1654 1686 erat:

175 1725 403 1768 nunquam
425 1718 570 1756 tamen
592 1715 824 1769 quisquam
852 1726 912 1755 ex
946 1713 1081 1768 plebe
1115 1721 1219 1754 ante
1241 1711 1402 1754 Patres
1423 1713 1656 1768 conscrip-

177 1784 247 1823 tos
262 1779 280 1806 ⁶
309 1781 356 1823 in
396 1782 567 1826 theatro
607 1788 811 1838 spectare
850 1782 1078 1825 sustinuit.
1151 1781 1282 1824 Adeo
1325 1782 1657 1836 circumspecta

178 1853 346 1893 nostrae
379 1851 580 1895 civitatis
606 1851 877 1895 verecundia
906 1851 1030 1894 fuit.*
1091 1850 1209 1902 Quae
1243 1851 1421 1906 quidem
1460 1851 1655 1893 certissi-

795 1984 877 1997 ‘m

1020 1985 1041 1996 o*

225 2051 240 2080 l
269 2049 300 2080 E
314 2059 375 2090 qua
390 2050 519 2082 Venet.
535 2054 568 2083 4.
586 2049 692 2083 Aldd.
708 2049 855 2083 Ascens.
872 2054 910 2083 et
923 2050 1000 2083 aliae
1014 2049 1095 2082 edd.
1112 2053 1193 2082 ante
1209 2048 1393 2090 Pighium:
1417 2048 1447 2081 A
1464 2059 1526 2090 qua
1552 2049 1656 2082 codd.

182 2101 260 2124 cum
272 2093 356 2125 Ver.
372 2098 408 2125 et
419 2094 583 2135 Mog.—2
607 2094 708 2126 Harl.
726 2100 762 2126 et
778 2094 905 2136 Ultraj.
922 2097 951 2127 1.
964 2093 1166 2135 publicasque
1180 2092 1407 2134 amplissimas.-
1421 2093 1662 2135 Barb.1.pub-

179 2134 258 2167 licas
270 2146 373 2177 quana,
389 2137 432 2169 al.
447 2147 527 2179 que.-
550 2138 584 2169 in
603 2137 703 2170 Leid.
719 2141 750 2170 7.
764 2147 858 2180 quam
874 2138 1007 2170 recenti
1023 2146 1126 2169 manu
1142 2137 1418 2178 superscriptum
1441 2139 1576 2168 est.—-3
1598 2136 1658 2170 Sic

180 2179 429 2220 propemodum
446 2190 565 2212 omnes
580 2181 683 2214 codd.
701 2191 778 2214 cuin
792 2183 873 2213 Vet.
889 2186 926 2213 et
941 2181 1037 2222 Mog.
1055 2180 1116 2212 sed
1129 2181 1272 2212 Veneit.
1287 2180 1430 2212 Mediol.
1447 2182 1514 2212 &c.
1530 2179 1661 2212 habent

178 2221 310 2263 perinde
323 2227 439 2256 ‹un—4
462 2223 561 2256 Harl.
577 2229 614 2256 et
632 2225 728 2257 Leid.
746 2227 777 2256 1.
794 2225 890 2256 tutela
906 2225 1044 2260 omnium
1062 2224 1272 2256 solenniorum
1296 2224 1488 2267 qfficiomm:
1511 2223 1610 2256 Leid.
1627 2227 1659 2256 7.

179 2266 280 2297 tutela
295 2266 432 2298 omnium
446 2267 508 2309 (al.
524 2267 714 2310 solennium)
729 2269 978 2311 officiorum—5
1003 2267 1132 2310 Ultraj.
1153 2270 1182 2300 1.
1198 2268 1352 2310 omnique.
1397 2267 1554 2301 Qnatuor
1571 2268 1658 2300 Mas.

179 2317 247 2350 proe
261 2318 292 2341 se
305 2309 492 2351 proeserens,
503 2311 594 2342 unde
607 2312 794 2343 Torrenius
810 2317 912 2344 acute
927 2311 1082 2354 conjicit,
1093 2311 1270 2344 Valerium
1286 2310 1465 2352 scripsisse
1475 2309 1661 2352 proeferens.

182 2354 248 2382 —6
271 2352 370 2385 Leid.
386 2357 417 2385 6.
432 2363 473 2386 ex
486 2354 575 2396 plebe
589 2355 678 2387 ludos
689 2358 763 2387 ante
779 2359 889 2397 patres
909 2358 1093 2388 consen—7
1117 2355 1220 2388 Barb.
1246 2357 1276 2387 1.
1301 2355 1519 2388 documentum
1543 2354 1579 2386 in
1604 2354 1658 2386 illo

847 2465 994 2499 NOTAE

228 2552 243 2569 ⁸
262 2549 367 2590 Usque
380 2551 422 2582 ad
433 2550 637 2593 Africanum]
653 2551 744 2584 Dum
761 2552 892 2585 AEdiles
949 2553 1115 2586 subsellia
1136 2552 1342 2585 Senatorum
1368 2553 1585 2593 separarent,
1606 2551 1659 2583 uti

187 2599 331 2632 Curules
360 2601 399 2633 C.
425 2601 570 2634 Attilius
594 2603 762 2635 Serranus
788 2609 824 2636 et
851 2605 891 2637 L.
949 2610 1090 2636 narrant
1109 2604 1221 2636 Cicer.
1237 2603 1314 2636 Liv.
1332 2607 1368 2634 et
1384 2601 1570 2634 Pedianus.

182 2651 385 2684 Scribonius
398 2653 484 2685 Libo
497 2654 688 2696 Megalesia
705 2654 803 2687 ludos
818 2665 892 2687 sce·
993 2655 1011 2674 '⁵
1036 2655 1104 2688 An.
1121 2656 1171 2687 Μ.
1188 2658 1285 2687 3860.
1324 2654 1382 2686 01.
1408 2656 1482 2687 146.
1499 2655 1532 2687 8.
1572 2653 1658 2688 urb.

184 2701 280 2734 nicos
319 2711 497 2746 pararent,
534 2706 742 2738 Censor-ibus
771 2712 894 2739 auctor
950 2706 989 2740 C.
1005 2710 1081 2739 550.
1121 2706 1203 2738 Ant.
1221 2706 1282 2738 Ch.
1300 2707 1373 2738 193.

187 2751 253 2785 fuit
278 2754 409 2796 Scipio,
433 2760 471 2787 ut
498 2766 517 2788 a
543 2757 703 2798 populari
730 2767 893 2791 consessu

271 2807 431 2849 ”enimet
446 2810 525 2844 var.
540 2810 626 2842 ctas.
833 2812 1012 2845 Vatum.
1492 2813 1512 2842 2
1538 2810 1570 2841 G
