1878 3132
494 182 600 214 cAr‘.
623 181 656 212 1.
690 180 753 212 nu
788 177 1007 211 sumens
1045 177 1291 210 runmcls.
1545 163 1628 206 741

150 279 206 322 Τ.
227 278 419 323 Cloelius
439 279 486 321 in
516 275 725 321 cubiculo
747 274 1002 330 quiescens,
1038 271 1142 314 filiis
1163 272 1305 314 altero
1324 270 1445 313 lecto
1465 270 1635 312 cuban-

151 348 289 398 tibus,
324 350 421 390 erat
449 346 732 396 interemtus;
762 354 905 397 neque
945 346 1027 383 aut
1052 351 1221 389 *servus
1263 339 1518 394 quisquam,
1553 341 1635 380 aut

149 415 262 459 liber
279 415 558 464 inveniretur,
590 412 647 454 ad
678 425 809 467 quem
838 409 1041 465 suspicio
1078 407 1223 450 caedis
1253 408 1517 462 pertineret3
1547 407 1633 448 hoc

149 497 240 537 uno
262 485 441 526 nomine
477 481 675 525 absoluti
696 485 817 531 sunt,
840 479 950 534 quia
977 477 1211 534 judicibus
1242 475 1429 531 planum
1460 475 1633 518 factum

150 557 237 604 est,
256 552 360 594 illos
380 555 536 607 aperto
561 550 678 593 ostio
713 550 922 592 inventos
957 560 1057 589 esse
1094 545 1380 587 dormientes.
1441 544 1634 586 Somnus

146 621 349 673 innoxioe
372 619 623 663 securitatis
645 618 921 661 certissimus
941 615 1079 658 index
1091 619 1128 646 4⁷
1159 612 1338 655 miseris
1360 626 1492 667 opem
1513 611 1632 662 tulit.

146 689 407 733 Judicatum
428 694 497 731 est
518 688 652 739 enim,
673 700 819 729 rerum
841 689 1048 729 naturam
1066 696 1156 726 non
1173 682 1389 737 recipere,
1411 684 1461 723 ut
1474 679 1631 722 occiso

146 762 291 814 patre,
322 771 464 813 supra
486 756 669 799 vulnera
698 759 742 798 et
762 767 965 798 cruorem
993 753 1108 808 ejus,
1138 751 1335 807 quietem
1348 745 1514 805 ‘capere
1546 761 1632 804 po-

148 827 350 870 tuerintss

761 923 1013 955 DAMNATL

203 1017 245 1059 1.
274 1015 594 1058 Percurremus
632 1027 751 1056 nunc
790 1027 883 1065 eos,
925 1013 1102 1069 quibus,
1135 1011 1183 1053 in
1222 1022 1377 1053 causae
1418 1008 1629 1060 dictione,

143 1086 303 1140 magis,
324 1097 426 1140 quae
449 1089 582 1126 extra
611 1083 908 1139 quaestionem
931 1085 1075 1132 erant,
1107 1083 1366 1130 nocuerunt,
1388 1090 1524 1134 quam
1544 1090 1629 1119 sua

143 1154 404 1197 innocentia
422 1166 552 1208 opem
575 1151 692 1194 tulit.
755 1150 806 1193 L.
829 1150 987 1204 Scipio
1020 1152 1127 1204 post
1147 1146 1534 1203 speciosissimum
1557 1146 1630 1187 tri-

142 1212 372 1278 umphum,
394 1221 451 1264 de
467 1234 567 1273 rege
584 1218 817 1262 Antiocho
833 1219 1033 1270 ductum,
1047 1215 1231 1272 perinde
1246 1229 1300 1260 ac
1315 1215 1353 1246 4⁸
1384 1213 1626 1272 pecuniam

141 1291 200 1332 ab
221 1303 275 1332 eo
310 1290 575 1345 accepisset,
606 1288 845 1330 damnatus
880 1292 963 1330 est.
1024 1285 1130 1329 Non
1164 1288 1289 1341 puto,
1325 1284 1446 1339 quod
1476 1282 1626 1338 pretio

139 1363 376 1416 corruptus
395 1360 599 1410 fuerat‚⁴·⁹
628 1361 677 1401 ut
698 1358 837 1409 illum,
855 1357 996 1400 totius
1014 1355 1142 1399 Asiae
1164 1356 1393 1399 dominum
1413 1360 1460 1397 et
1476 1354 1575 1410 jam
1590 1358 1627 1384 ⁵⁰

140 1428 337 1483 Europae
356 1428 570 1471 victrices
589 1440 749 1469 manus
770 1426 1061 1482 injicientem,
1074 1426 1193 1468 ultra
1203 1425 1402 1467 Taurum
1423 1426 1624 1466 montem

138 1500 466 1539 summoveret:
513 1495 594 1538 sed
625 1495 832 1550 alioquin
863 1495 932 1537 vir
963 1494 1285 1536 sincerissimae
1320 1493 1447 1544 vitae,
1484 1494 1528 1534 et
1564 1491 1622 1533 ab

138 1565 225 1607 hac
247 1565 507 1620 suspicione
529 1563 692 1620 procul
713 1568 927 1615 remotus,
948 1563 1148 1613 invidiae,
1182 1574 1286 1618 quae
1316 1566 1426 1604 tunc
1445 1561 1490 1603 in
1510 1559 1622 1603 duo-

138 1645 234 1675 rum
266 1633 452 1676 fratrum
486 1633 671 1688 inclytis
708 1632 1081 1687 cognominibus!
1128 1630 1378 1681 habitabat,
1416 1628 1619 1672 resistere

137 1714 229 1743 non
248 1702 432 1756 potuit.·

193 1771 236 1814 2.
265 1769 332 1812 At
350 1769 552 1826 Scipioni
573 1768 754 1825 quidem
767 1769 996 1811 maximus
1012 1767 1203 1810 fortunae
1220 1766 1377 1821 fulgor,
1402 1765 1453 1809 C.
1467 1769 1617 1808 autem

175 1922 194 1946 1
213 1920 401 1953 audientum
414 1924 462 1953 est
474 1930 581 1952 rerum
594 1923 740 1952 naturam
751 1928 812 1951 non
826 1918 908 1960 pati,
925 1921 962 1950 ut
972 1918 1044 1962 filii
1067 1918 1167 1952 occiso
1186 1921 1280 1959 patre
1305 1917 1443 1951 dormire
1453 1915 1616 1960 potuerint

130 1966 202 2004 ped
217 1965 347 1997 nminem
357 1964 508 1996 illimato
522 1966 554 1996 et
564 1962 698 2006 effusum
712 1963 779 2002 eius
793 1962 991 2003 sanguinem.

756 2070 875 2083 “O‘ae‘
879 2069 999 2083 0‘0000

135 2137 239 2172 Celti:
260 2139 405 2172 Torren.
449 2139 534 2173 Mox
564 2139 723 2181 quiescens
752 2138 853 2171 deest
883 2139 918 2170 in
949 2139 1033 2170 Par.
1060 2139 1181 2169 4.-47
1206 2135 1306 2170 Harl.
1332 2135 1534 2176 judea—48
1557 2134 1614 2167 Ita

133 2181 277 2222 Pighius
293 2193 370 2214 cum
388 2182 489 2215 codd.
506 2187 543 2215 et
558 2183 655 2223 Mog.
673 2182 731 2214 alii
748 2181 901 2215 editores
916 2192 952 2215 ac
967 2182 1098 2213 si.—-19
1113 2181 1123 2198 ‘
1140 2180 1198 2212 Ita
1214 2179 1325 2211 Aldus
1341 2184 1379 2212 et
1391 2179 1483 2211 hune
1499 2178 1613 2212 secuti

133 2224 190 2256 alii
208 2225 362 2258 edidere.
391 2226 467 2267 Ego
483 2231 597 2258 tamen
615 2235 680 2257 non
696 2225 817 2258 dubito
829 2225 909 2267 quin
923 2224 1110 2266 profuerat
1124 2222 1307 2264 legendum
1325 2222 1494 2263 sitsucrit,
1506 2226 1544 2254 ut
1557 2226 1613 2254 est

131 2267 168 2299 in
182 2278 248 2300 nno
263 2268 394 2301 Brund.
412 2274 450 2301 et
465 2270 560 2311 typis
577 2278 740 2310 expresso
755 2267 1069 2310 Chalcocoudylae.’
1086 2268 1188 2300 Vorst.
1226 2267 1236 2286 ‘
1254 2266 1354 2299 Harl.
1359 2266 1443 2307 fuit.
1454 2265 1559 2298 Barb.
1574 2269 1612 2297 et

131 2310 231 2344 Leid.
250 2313 349 2353 primi
365 2311 482 2352 fuerit.
526 2311 595 2344 Sed
611 2312 714 2343 aliter
728 2321 846 2343 omnes
870 2316 999 2344 nostra»
1015 2311 1198 2351 editiones,
1215 2319 1328 2351 neque
1356 2318 1498 2341 necesse
1526 2313 1612 2350 puto

130 2354 315 2397 quicquam
332 2355 480 2388 mutari!
506 2354 722 2388 Turrem—50
743 2354 786 2386 Τὸ
807 2355 922 2395 etjam
945 2354 1076 2397 aliquot
1090 2354 1178 2386 Mss.
1195 2353 1373 2395 omittunt,
1395 2352 1520 2395 partim
1540 2361 1613 2383 mu·

127 2401 206 2430 tant
234 2398 267 2430 in
290 2399 398 2431 etiam.
442 2397 632 2432 Ascensius
663 2399 706 2430 Et
722 2398 794 2438 J’am
814 2398 912 2430 etiam
935 2399 1092 2440 Europoe;
1115 2402 1152 2430 et
1176 2398 1225 2429 sic
1241 2397 1332 2429 Ven.
1379 2396 1447 2428 Sed
1475 2399 1605 2427 cetere

130 2439 222 2474 Edd.
244 2445 275 2474 et
286 2441 380 2482 jam.-
404 2442 502 2484 Mog.
526 2442 635 2474 etiam.
682 2441 820 2474 Deinde
843 2446 1043 2474 constanter
1057 2441 1180 2483 scripti
1195 2440 1333 2482 alioquin
1348 2439 1514 2472 exhibent
1529 2447 1608 2470 cum

795 2539 946 2574 NOTAE

170 2618 183 2639 ³
206 2613 341 2655 Inclytis
353 2613 601 2655 cognominibus]
625 2615 726 2648 Quod
745 2615 839 2648 Pub·
892 2615 1048 2659 superius
1060 2614 1105 2647 de
1119 2614 1255 2647 illorum
1266 2614 1488 2648 damnatione
1498 2615 1606 2657 scrip-

125 2663 191 2695 iius
216 2664 260 2696 ob
286 2664 412 2697 victum
441 2665 673 2698 Hannibalem
703 2665 838 2699 Africa·
892 2667 1007 2699 simus.

127 2725 216 2756 nus3
251 2715 377 2748 Lucius
407 2716 452 2748 ob
482 2722 682 2759 superatum
715 2717 838 2751 Antio·
935 2718 955 2736 ⁶
971 2717 1036 2749 An.
1052 2716 1105 2749 M.
1122 2718 1220 2749 3867.
1245 2715 1306 2750 01.
1324 2718 1440 2750 1482.
1463 2716 1601 2751 Urb.c.

125 2766 239 2807 chum,
255 2766 426 2799 Asiaticus
438 2766 621 2800 diceretur.
650 2769 743 2810 Lege
759 2779 836 2811 quae
889 2770 967 2800 566.
994 2766 1076 2800 Ant.
1090 2766 1153 2799 Ch.
1170 2769 1244 2801 186.
