1878 3132
261 139 348 182 574
663 151 876 183 viantum
911 151 1110 183 MAxim
1148 153 1244 184 mn.
1270 155 1313 184 v.

319 249 360 289 2.
393 247 458 289 At
488 247 751 296 Seleucus²¹
798 248 982 303 quidem
1012 261 1170 300 uxore,
1203 248 1561 294 Ariobarzanes⁸
1591 255 1739 301 autem

261 316 354 358 filio
375 329 459 358 suo
481 316 792 372 Cappadociae
824 331 957 372 regno
988 319 1143 369 cessit,
1164 319 1208 360 in
1230 323 1483 374 conspectu
1502 319 1583 362 Cn.
1604 320 1739 363 Pom-

260 384 368 439 peii.
429 384 570 439 Cujus
611 398 713 428 cum
752 386 949 428 tribunal
962 391 997 410 ²²
1034 387 1390 438 conscendisset,
1426 388 1739 444 invitatusque

263 454 320 496 ab
356 466 410 495 eo
441 453 488 495 in
521 454 664 509 curuli
698 455 809 497 sella
841 455 1051 507 sedisset,
1079 460 1324 511 postquam
1351 456 1494 499 filium
1521 458 1569 499 in
1599 469 1738 499 comu

263 522 424 565 scrihae
465 510 747 566 humiliorem
785 523 966 566 fortuna
1005 538 1088 567 sua
1125 525 1274 567 locum
1313 526 1593 568 obtinentem
1632 538 1742 568 con-

262 591 425 646 spexit,
425 595 459 622 ²³
491 605 579 634 non
593 592 810 636 sustinuit
829 592 943 634 infra
960 606 1009 635 se
1026 592 1297 645 collocatum
1314 593 1504 636 intueri:
1536 593 1616 636 sed
1637 606 1740 648 pro-

263 660 386 702 tinus
414 660 530 702 sella
549 660 791 712 descendit,
814 664 859 703 et
890 660 1101 703 diadema
1130 662 1176 703 in
1197 666 1336 716 caput
1367 662 1466 718 ejus
1488 662 1742 705 transtulit:

261 729 515 784 hortarique
554 730 715 784 coepit,
746 733 798 771 ut
832 743 888 771 eo
930 730 1151 782 transiret,
1185 730 1304 776 unde
1338 731 1436 786 ipse
1468 734 1741 772 surrexerat.

269 798 541 840 Exciderunt
567 798 776 853 lacrymae
801 797 978 853 juveni,
1000 798 1229 840 cohorruit
1258 811 1438 854 corpus,
1461 798 1692 853 dilapsum
1703 802 1743 828 ²⁴

262 867 473 909 diadema
488 871 573 917 est,
587 879 672 908 nec
689 879 777 921 quo
790 866 952 921 jussus
972 871 1083 917 erat,
1098 866 1302 921 progredi
1323 866 1497 921 potuit:
1518 859 1741 921 'quodque

262 949 390 990 paene
411 935 544 979 fidem
565 935 772 985 veritatis
793 934 992 987 excedit,
1012 934 1148 977 laetus
1174 938 1285 986 erat,
1306 935 1384 990 qui
1403 947 1585 990 regnum
1605 933 1742 990 depos-

262 1004 425 1056 nebat3
457 1004 616 1055 tristis,
649 1003 723 1045 cui
752 1003 959 1045 dabatur.
1025 1002 1125 1045 Nec
1155 1002 1299 1045 ullum
1333 1003 1469 1045 finem
1498 1007 1590 1052 tam
1617 1013 1742 1056 egr&

264 1073 386 1126 gium
405 1077 632 1115 certamen
667 1072 919 1123 habuisset,
947 1072 1038 1114 nisi
1068 1072 1232 1126 patriae
1253 1071 1476 1115 voluntati
1498 1070 1743 1126 auctoritas

265 1140 474 1196 Pompeii
505 1140 724 1183 affuisset.
786 1140 955 1182 Filium
985 1140 1101 1182 enim
1135 1144 1182 1182 et
1221 1153 1370 1196 regem
1399 1139 1662 1196 appellavit,
1692 1143 1742 1181 et

266 1209 476 1252 diadema
497 1222 668 1252 sumere
677 1208 831 1264 jussit,
852 1213 898 1251 et
916 1209 962 1251 in
981 1208 1126 1251 curuli
1147 1209 1262 1252 sella
1276 1209 1509 1252 considere
1529 1207 1711 1263 coegim

883 1331 1124 1344 OONOOOOOOOO

264 1409 356 1451 quod
371 1408 615 1450 compendiose
629 1409 798 1451 scriptum
814 1408 916 1442 erat.'
938 1409 1046 1451 Kapp.
1047 1411 1132 1441 —21
1156 1408 1241 1441 Vet.
1256 1407 1328 1440 Hec
1344 1408 1382 1440 de
1397 1406 1531 1440 Seleuci.
1552 1406 1637 1442 Mox
1653 1407 1743 1444 Mss.

265 1452 402 1487 omnino
434 1458 505 1484 tres
528 1452 587 1484 hic
610 1452 742 1484 habent
762 1463 922 1493 regnum,·
946 1453 1050 1484 etiam
1067 1462 1209 1492 uxorem,
1230 1461 1316 1483 unus
1343 1454 1379 1482 et
1395 1451 1504 1482 alter:
1528 1454 1634 1482 autem
1662 1454 1742 1492 post

264 1496 524 1528 Ariobarzanes
517 1506 551 1527 m
583 1496 698 1527 multis
742 1501 829 1528 antt.
871 1495 962 1528 Edd.
998 1495 1067 1528 fuit
1091 1496 1276 1535 omissum;
1311 1498 1434 1527 contra
1463 1493 1552 1525 Mas.
1581 1492 1742 1532 fidem.—

265 1542 307 1571 22
335 1539 435 1578 CuJ'us
460 1549 530 1573 cum
554 1539 621 1589 ipse
643 1539 782 1572 tribunal
798 1538 903 1571 Aldd.
933 1539 1044 1575 Colin.
1061 1538 1195 1581 Gryph.
1222 1543 1260 1571 et
1288 1537 1408 1579 Steph.
1441 1536 1588 1578 Pighius
1609 1535 1648 1570 τὸ
1673 1537 1741 1587 ipse

265 1582 391 1624 ejecit:
418 1582 538 1614 delent
549 1582 652 1614 etiam
665 1591 783 1614 omnes
800 1581 902 1615 codd.
917 1583 1077 1628 Tol-rem„
1085 1582 1196 1614 Paulo
1219 1585 1300 1623 post
1314 1581 1397 1613 Vet.
1416 1580 1455 1612 ab
1480 1589 1515 1612 eo
1534 1583 1569 1612 ul
1586 1579 1620 1611 in
1630 1576 1740 1611 curuli.

264 1628 351 1657 -23
375 1625 540 1676 Plerique
556 1625 658 1657 codd.
675 1636 753 1657 cum
779 1627 863 1658 Vet.
881 1630 918 1657 et
933 1626 1031 1668 Mog.
1046 1605 1268 1667 conspexisset.
1305 1624 1442 1656 Deinde
1472 1633 1535 1664 pro
1559 1627 1740 1655 surrexerat

267 1668 367 1701 Harl.
382 1668 480 1700 Leid.
500 1671 533 1700 2.
560 1674 596 1700 et
619 1669 700 1700 Vet.
715 1670 927 1708 descenderat,
943 1678 987 1700 ex
997 1651 1305 1710 interpretatione.
1307 1668 1424 1699 —24‘
1437 1666 1509 1698 Pro
1523 1667 1677 1707 dilapsum
1691 1666 1739 1698 le-

264 1713 418 1788 {endum
442 1722 520 1744 cnm
544 1711 728 1747 Perizonio
759 1716 795 1747 et
823 1712 992 1745 Torrenio
1020 1713 1192 1753 delapsum.
1245 1711 1342 1744 Med.
1373 1713 1520 1753 uterque
1547 1708 1740 1751 collapsuml

301 1765 372 1798 ιιΡΙ)

931 1825 1075 1858 NOTAE

311 1920 327 1942 τ
347 1913 595 1954 Ariobarzanes]
625 1913 701 1944 Rex
727 1912 976 1954 Cappadociae,
1032 1921 1051 1943 a
1067 1911 1174 1952 Sylla,
1189 1911 1312 1942 iterum
1330 1919 1349 1941 a
1363 1909 1544 1951 Pompeio.

268 1964 576 2009 ῳιίαΜίῐὴηάεῖε
590 1964 758 2005 bisregno
770 1964 886 2005 pulsus
898 1968 975 2003 est;
1074 1967 1089 1996 t
1106 1960 1175 1993 An.
1192 1961 1243 1993 M.
1259 1963 1357 1992 3990.
1379 1960 1438 1993 01.
1456 1961 1573 1993 178.1.
1595 1958 1683 1992 Urb.
1698 1959 1740 1992 C.

268 2018 392 2060 bisque
419 2026 437 2048 a
454 2015 618 2049 Romanis
642 2015 844 2054 restitutus;
868 2014 975 2047 semel
1029 2015 1107 2045 689.
1130 2012 1216 2045 Ant.
1232 2012 1292 2044 Ch.
1307 2014 1361 2044 63.
