1878 3132
251 203 337 248 508

251 309 594 353 infestissimum
624 308 782 351 Urbi⁵¹
816 311 977 351 nostrae
999 308 1303 351 Mithridatem
1337 309 1488 352 Ponto
1517 309 1716 365 pulsum,

251 379 422 421 viribus
460 378 558 420 suis
588 381 863 433 protexerat,
894 378 941 419 in
975 381 1219 432 conspectu
1254 390 1334 419 suo
1365 377 1535 420 diutius
1562 377 1717 433 jacere

250 447 505 502 supplicem
519 452 533 470 ⁸
560 459 725 501 passus
745 459 832 489 non
852 453 948 500 est3
978 446 1055 489 sed
1069 446 1273 500 benignis
1287 447 1433 488 verbis
1452 451 1716 498 recreatum,

251 515 471 566 diadema,
490 515 611 570 quod
629 515 868 571 abjecerat,
891 516 1031 570 capiti
1051 528 1258 570 reponere
1273 514 1426 570 jussit.
1486 514 1719 569 Certisque

251 584 383 625 rebus
412 583 674 638 imperatis,t
701 585 746 626 in
781 584 1018 639 pristinum
1049 584 1239 625 fortunae
1270 583 1473 625 habitum
1496 581 1716 625 restituit:

251 661 381 705 aeque
401 652 630 706 pulchrum
645 665 744 694 esse
757 651 967 707 judicans
988 655 1034 694 et
1051 651 1226 693 vincere
1245 663 1387 705 reges,
1408 655 1456 692 et
1474 650 1660 692 facere.‡

309 719 377 760 10.
409 717 560 769 Quam
579 720 843 774 praeclarum
873 720 1051 761 tributae
1070 718 1358 761 humanitatis
1379 718 1608 774 specimen
1633 716 1716 760 Gn.

252 785 520 841 Pompeius!
552 801 687 842 quam
721 787 976 830 miserabile
1007 787 1273 829 desideratae
1305 786 1423 828 idem
1452 786 1600 829 evasit
1635 798 1718 828 ex-

252 855 448 909 emplum
463 856 502 898 !g
561 856 681 898 Nam
707 855 787 910 qui
819 855 1025 910 Tigranis
1058 859 1258 909 tempora
1290 855 1458 909 insigni
1473 854 1597 909 regio
1617 858 1719 896 tex·

252 926 364 972 erat,
385 922 483 978 ejus
504 926 641 978 caput
672 924 811 965 tribus
844 923 1051 965 coronisu
1080 922 1424 978 triumphalibus
1455 922 1716 977 spoliatum,

250 989 296 1030 in
325 1001 408 1031 suo
419 994 455 1020 ⁵²
484 991 618 1032 modo
652 994 866 1033 terrarum
902 991 1022 1042 orbe,
1042 1003 1260 1045 nusquam
1293 991 1536 1046 sepulturae
1567 990 1717 1033 locum

250 1056 414 1108 habuit,
427 1058 504 1099 sed
526 1059 754 1100 abscisum
774 1071 800 1100 a
819 1070 1019 1112 corpore,
1032 1058 1164 1113 inops
1183 1059 1293 1112 rogi,
1309 1059 1527 1101 nefarium
1542 1059 1717 1113 AEgypt-

250 1124 327 1165 tiae
349 1125 550 1179 perfidiae
562 1130 594 1156 ⁵³
626 1140 784 1168 munus
814 1129 1039 1181 portatum
1069 1131 1154 1178 est,
1175 1127 1307 1170 etiam
1338 1127 1428 1182 ipsi
1455 1127 1614 1169 victori
1633 1127 1717 1169 mi-

247 1192 454 1235 serabile.
515 1193 578 1236 Ut
597 1195 713 1237 enim
734 1195 780 1236 id
801 1195 952 1238 Caesar
977 1196 1171 1250 aspexit,
1194 1195 1361 1239 oblitus
1390 1195 1549 1247 hostis,
1570 1195 1716 1238 soceri

249 1259 425 1302 vultum
456 1262 612 1314 induit,
633 1276 688 1305 ac
718 1263 940 1318 Pompeio
977 1267 1068 1305 tum
1092 1264 1314 1318 proprias,
1337 1267 1429 1305 tum
1455 1263 1587 1306 etiam
1606 1263 1714 1306 filiae

250 1340 344 1370 suae
363 1329 585 1384 lacrymas
604 1330 798 1374 reddidit
810 1337 841 1375 :v
871 1334 1008 1387 caput
1027 1335 1175 1374 autem
1187 1335 1223 1363 ⁵4
1251 1331 1456 1387 plurimis
1490 1335 1535 1374 et
1552 1331 1716 1387 pretio-

657 212 870 245 VALERH
906 211 1099 245 MAXIM!
1138 213 1232 246 [ΑΒ.
1265 214 1310 244 V.

292 1484 310 1506 Β
327 1479 414 1511 Idem
429 1480 610 1522 Pompeius,
625 1483 679 1524 qui
690 1484 879 1525 proeclarum
892 1483 1098 1516 humanitatis
1111 1484 1283 1526 exemplum
1295 1483 1330 1515 in
1347 1485 1485 1524 Tigrane
1497 1484 1651 1527 ediderat,
1665 1483 1715 1516 in-

249 1521 355 1562 diguit
369 1523 436 1564 ipse
444 1528 517 1565 post
530 1529 660 1558 mortem
674 1528 811 1570 exemplo
825 1528 928 1569 aliquo
941 1527 1159 1570 humanitatis,
1172 1531 1208 1559 ut
1220 1528 1415 1570 sepeliretur.

862 1633 1106 1646 mum

250 1705 351 1739 codd.
365 1707 510 1741 Tor-ren.
530 1718 608 1741 cum
623 1709 720 1751 Mog.
741 1709 959 1749 infelici.-5l
984 1709 1150 1742 Nonnulli
1176 1711 1321 1744 Torren.
1349 1717 1387 1745 et
1410 1713 1492 1745 Vet.
1520 1711 1715 1747 Urbim-⁵2

250 1748 307 1780 Ita
320 1750 464 1790 Pighius
480 1761 499 1782 e
515 1752 616 1783 codd.
637 1763 713 1784 cum
730 1753 840 1785 Aldus
857 1753 1025 1786 edidisset
1039 1755 1073 1785 in
1085 1763 1225 1791 summm·
1246 1760 1283 1787 et
1299 1755 1365 1787 hoc
1381 1756 1487 1788 habet
1501 1756 1714 1797 Copias—53

250 1791 363 1823 Bitur.
381 1796 411 1824 1.
427 1793 560 1832 nefariae
572 1796 728 1837 perfidioe,
741 1796 859 1827 deleto
871 1797 1134 1838 AEgyptiae.—-54
1151 1797 1275 1838 Vulgg.
1289 1803 1370 1830 ante
1387 1799 1484 1840 Pigh.
1494 1802 1587 1840 caput
1599 1798 1717 1836 etiam

251 1835 313 1866 sed
329 1840 450 1868 contra
465 1837 567 1869 codd.
592 1843 628 1870 et
652 1839 746 1880 Mog.
790 1839 929 1871 Deinde
942 1839 1072 1873 Medic.
1088 1842 1119 1872 1.
1144 1840 1240 1873 Leid.
1255 1844 1288 1873 4.
1317 1841 1444 1884 Ultraj.
1461 1845 1492 1875 1.
1514 1843 1716 1875 crenwndum

910 1942 1051 1976 NOTAE

248 2027 250 2029 ·
293 2018 305 2034 ¹
317 2015 432 2048 Jacere
445 2016 628 2059 supplicem]
659 2016 816 2059 Tigranis
831 2015 921 2050 filius
935 2027 955 2050 a

248 2068 350 2106 patre
379 2065 551 2098 dissidens
577 2067 619 2099 ad
647 2067 852 2109 Pompeium
874 2078 955 2110 sup-

250 2115 333 2156 plex
346 2115 519 2164 fugerat:
559 2118 691 2150 veritus
713 2119 895 2161 Tigranes,
911 2129 955 2151 ne

250 2167 332 2208 quid
347 2167 382 2199 in
398 2178 435 2200 se
457 2169 646 2210 moliretur,
667 2174 701 2201 et
716 2170 792 2211 ipse
807 2171 955 2212 supplex

250 2216 295 2249 ad
308 2218 510 2260 Pompeium
528 2220 645 2260 venit3
661 2220 846 2262 jussusque
860 2231 881 2252 a
895 2221 954 2253 lic-

250 2268 382 2301 toribus
397 2279 487 2312 equo
499 2269 723 2310 descendere,
734 2271 861 2312 paruit.
898 2271 956 2303 Ita

249 2318 345 2352 Plut.
359 2320 440 2359 Dio,
462 2325 499 2352 et
514 2320 667 2362 Appian.

292 2370 304 2389 ²
321 2370 425 2402 Certis
443 2370 534 2403 rebus
554 2372 731 2413 imperatis]
761 2372 954 2405 Provinciis

250 2419 343 2451 bello
371 2421 537 2462 quaesitis,
567 2422 757 2463 Phoenicia,
784 2423 897 2465 Syria,
919 2427 955 2456 et

251 2470 383 2502 ciliciae
400 2475 499 2512 parte
525 2473 709 2514 Tigranem
726 2474 833 2515 jussit
856 2475 956 2506 dece-

250 2521 355 2553 dere:
377 2531 501 2564 easque
517 2528 641 2564 gentes
657 2524 810 2557 Romano
824 2524 957 2567 adjecit

256 2570 420 2613 Imperio.

295 2625 311 2659 ss
326 2621 395 2654 An.
408 2623 459 2654 Μ.
474 2626 572 2656 3988.
596 2623 655 2656 01.
673 2627 749 2659 178.
762 2627 793 2657 3.
815 2624 901 2658 Urb.
917 2625 957 2658 C.

251 2674 325 2703 687.
349 2671 433 2705 Ant.
452 2673 513 2706 ch.
528 2677 584 2707 65.

296 2727 311 2742 “
329 2722 442 2755 Tribus
455 2725 592 2767 coronis]
628 2725 709 2757 Prae
735 2724 860 2758 ceteris
888 2726 956 2758 Ro-

254 2782 429 2806 manorum
457 2773 601 2808 ducibus
630 2775 716 2807 illud
743 2775 810 2808 fuit
835 2775 957 2818 praeci-

1009 2029 1113 2061 puum
1129 2019 1289 2062 Pompeii
1301 2019 1420 2061 decus,
1434 2018 1479 2052 de
1501 2019 1610 2052 tribus
1622 2017 1716 2052 orbis

1010 2071 1164 2112 partibus
1191 2071 1443 2113 triumphasse3
1476 2071 1570 2103 victo
1594 2069 1716 2111 Hiera,

1009 2121 1054 2153 de
1067 2120 1206 2162 Africa;
1228 2122 1345 2154 occiso
1366 2121 1531 2158 Sertorio,
1547 2120 1591 2153 de
1605 2121 1714 2154 Euro-

1009 2182 1054 2214 pa
1066 2183 1076 2213 ;
1099 2172 1144 2204 de
1155 2171 1252 2213 Asia,
1267 2172 1399 2204 domito
1410 2172 1629 2205 Mithridate.

1052 2227 1067 2243 v
1081 2222 1252 2266 Lacrymas
1266 2223 1422 2264 reddidit]
1455 2223 1524 2255 Ubi
1551 2222 1715 2255 Caesarin

1008 2273 1194 2316 AEgyptum
1231 2274 1380 2315 appulit,
1401 2274 1586 2306 Ptolemaei
1614 2273 1715 2315 ‚iussu

1010 2324 1167 2366 Pompeii
1182 2329 1290 2366 caput
1301 2323 1445 2357 affertur
1460 2323 1504 2356 ad
1520 2325 1714 2364 Caesarem3

1010 2371 1114 2407 atille
1130 2378 1257 2407 tetrum
1277 2375 1513 2416 spectaculum
1527 2378 1718 2412 aversatus.

1009 2424 1142 2457 facinus
1157 2425 1377 2467 improbavit,
1394 2429 1433 2457 ut
1447 2424 1602 2458 scribunt
1617 2426 1716 2459 Plut.

1010 2479 1046 2507 et
1069 2475 1153 2507 Dio:
1177 2476 1371 2517 amicosque
1393 2476 1566 2517 Pompeii,
1588 2475 1648 2518 qui
1671 2485 1716 2509 ea

1010 2526 1045 2558 in
1061 2525 1198 2567 regione
1218 2527 1376 2567 palantes
1387 2527 1515 2568 captia
1529 2527 1627 2568 Rege
1639 2525 1715 2559 fue-

1011 2580 1102 2616 rant,
1119 2575 1268 2618 benigne
1280 2577 1443 2618 excepit3
1465 2580 1502 2609 et
1522 2577 1566 2609 ad
1588 2577 1715 2610 amicos

1012 2627 1154 2658 Romam
1167 2627 1347 2667 scripsisse
1359 2627 1472 2659 fertur
1480 2637 1559 2659 eum
1572 2637 1609 2659 se
1623 2626 1715 2660 fruc·

1010 2680 1085 2708 tum
1114 2685 1159 2707 ex
1186 2676 1333 2708 victoria
1361 2686 1488 2717 capere
1520 2676 1715 2718 maximum,

1011 2725 1103 2768 quod
1119 2725 1274 2771 quotidie
1290 2725 1382 2758 cives
1400 2726 1532 2769 aliquot
1544 2730 1711 2759 servaret.
