1878 3132
282 165 369 210 756
670 175 875 212 vAnnnu
910 175 1105 208 MAXIMI
1141 177 1235 208 mn.
1274 176 1380 208 vui.

282 275 442 329 gitium
455 279 487 300 ¹¹
516 287 605 318 uno
617 275 834 318 absentiae
848 277 1109 329 argumento
1125 275 1308 317 tuente?
1331 273 1570 329 Siquidem·
1571 273 1592 330 j
1598 273 1755 317 udices
1782 293 1785 295 “

282 342 493 387 Clodium
513 345 671 387 incesti
691 344 888 396 crimine,
919 357 1050 399 quam
1082 342 1339 386 Ciceronem
1358 343 1542 386 infamia
1570 341 1755 398 perjurii

280 412 470 456 liberare
491 414 777 456 maluerunt*

337 482 381 525 6.
411 483 503 526 Tot
523 482 711 526 elevatis
733 481 940 532 testibus,
974 493 1125 532 unum,
1160 479 1288 534 cujus
1306 487 1425 520 nova
1444 477 1616 520 ratione
1629 477 1753 533 Judi-

281 552 401 594 cium
420 551 618 606 ingressa
638 549 883 593 auctoritas
904 548 1167 591 confirmata
1191 552 1276 599 est,
1297 546 1519 588 referam!
1577 545 1631 588 P.
1653 546 1754 588 Ser-

279 616 438 663 vilius¹
487 619 748 669 consularis,
783 617 1031 668 censorius,
1075 615 1372 671 triumphalia
1415 615 1492 669 qui
1529 614 1750 670 majorum

279 701 459 730 suorum
480 688 622 731 titulis
645 685 838 730 Isaurici
860 698 1106 740 cognomen
1127 684 1309 740 adJecit,
1341 696 1443 725 cum
1474 682 1616 725 sorum
1635 693 1754 737 prae-

279 756 446 799 teriens
465 760 601 798 testes
621 757 668 798 in
688 768 809 797 reum
830 755 925 796 dari
946 754 1150 805 vidisset,
1174 754 1277 796 loco
1299 751 1426 794 testis
1447 751 1664 802 constitit,
1696 763 1752 793 ac

279 838 494 866 summam
533 825 643 866 inter
675 828 967 878 patronorum
989 822 1159 876 pariter
1192 824 1237 863 et
1269 822 1583 863 accusatorum
1610 817 1752 861 admi-

278 893 497 936 rationem
515 897 549 917 ¹²
579 892 645 934 sic
666 905 798 934 orsus
818 896 911 933 est:
943 894 958 912 ‘
976 890 1113 933 Hunc
1134 903 1232 944 ego,
1246 889 1443 944 judices,
1463 887 1545 942 qui
1566 899 1752 929 causam

279 960 407 1011 dicit,
425 959 551 1015 cujas
571 960 645 1011 sit,
668 964 747 1002 aut
765 973 899 1014 quam
920 959 1061 1001 vitam
1080 957 1229 1012 egerit,
1257 969 1479 1012 quamque
1500 954 1659 997 merito
1679 953 1753 996 vel

277 1028 441 1085 injuria
461 1031 713 1079 accusetur,
733 1028 888 1082 ignoro
906 1040 917 1071 :
948 1027 1056 1069 illud
1078 1030 1251 1068 tantum
1273 1026 1384 1075 scio,
1404 1037 1505 1066 cum
1528 1021 1752 1065 occurris-

280 1102 353 1140 set
383 1096 492 1139 mihi
527 1097 800 1139 Laurentina
832 1097 908 1139 via
937 1097 1022 1138 iter
1053 1095 1253 1146 facienti,
1291 1092 1533 1135 admodum
1561 1094 1750 1145 angusto

278 1167 431 1217 loco,m
461 1179 578 1221 equo
599 1165 870 1208 descendere
897 1164 1109 1207 noluisse.
1170 1162 1306 1214 Quod
1334 1175 1390 1204 an
1410 1159 1578 1216 aliquid
1598 1159 1656 1202 ad
1686 1170 1753 1200 re-

324 1296 337 1312 ἔ
351 1291 409 1323 Tot
425 1290 570 1330 testibus,
585 1290 696 1332 quibus
715 1300 777 1322 non
798 1292 843 1321 est
870 1289 1036 1326 creditum,
1058 1287 1247 1329 subjungam
1261 1296 1367 1323 unum,
1390 1285 1479 1326 cnjus
1493 1284 1703 1318 testimonium
1718 1285 1753 1316 in

279 1344 421 1366 consessu
433 1335 581 1366 dudicum
594 1335 754 1375 prolatum
768 1333 896 1365 insolita
903 1331 1013 1371 forma
1025 1331 1191 1372 probatum
1206 1333 1263 1363 est.

884 1422 966 1435 ‘m

282 1492 404 1525 Colon.
422 1494 459 1523 et
475 1490 525 1522 sic
537 1489 666 1532 Ultraj.
682 1492 715 1522 2.
731 1490 918 1530 sacrilegum
939 1492 969 1521 et
982 1487 1151 1531 flagitium
1163 1485 1359 1528 complures
1374 1486 1475 1519 codd.
1490 1487 1632 1519 'Pori-en.
1653 1486 1753 1518 saeri-

281 1536 399 1575 legium
412 1534 580 1577 flagitium
595 1534 694 1566 Harl.
711 1538 748 1566 et
760 1533 884 1574 Ultraj.
901 1535 932 1564 1.
947 1532 1109 1572 sacrilegii
1122 1531 1291 1574 flagitium
1305 1540 1392 1563 unus
1411 1530 1538 1563 Brand.
1553 1529 1754 1570 sacrilegium

282 1583 314 1611 et
326 1578 496 1620 flagitium
514 1577 618 1609 Aldd.
635 1577 753 1610 Chalc.
767 1577 876 1609 Colin.
891 1575 1025 1617 Gryph.
1041 1580 1077 1606 et
1088 1575 1297 1616 Steph.—l2
1311 1574 1321 1592 ‘
1332 1574 1390 1606 Ita
1404 1573 1587 1615 legendum
1604 1572 1755 1605 videtur.

282 1622 392 1654 Aldus
409 1620 581 1660 ediderat,
601 1630 657 1661 per
668 1630 819 1652 summam
831 1621 916 1651 inter
924 1621 1129 1661 patronorum
1142 1628 1214 1659 par.
1228 1620 1260 1649 et
1274 1627 1337 1649 acc.
1352 1617 1503 1649 admirat.
1549 1616 1627 1648 Nec
1652 1616 1755 1648 aliter

284 1666 402 1698 Chalc.
418 1669 455 1696 et
471 1663 619 1705 Herbip.
663 1662 733 1696 Sed
760 1663 883 1695 vocula
905 1672 964 1704 per
992 1660 1176 1693 manifeste
1199 1661 1311 1693 otiosa
1335 1666 1399 1693 est.
1444 1661 1491 1692 Et
1514 1658 1644 1700 reperit
1673 1667 1754 1690 sane

283 1708 427 1749 Pighius
445 1708 478 1738 in
502 1707 635 1749 aliquot
650 1707 752 1740 codd.
775 1708 861 1738 inter
874 1715 1027 1738 summam
1039 1708 1240 1746 patronorum
1252 1704 1374 1745 pariter
1385 1707 1416 1735 et
1430 1706 1643 1735 accusatorum
1656 1702 1756 1733 admi-

282 1753 449 1788 rationem,
473 1751 600 1782 vocula
610 1760 667 1791 per
681 1749 829 1783 omissa!
856 1749 961 1781 Vorst.
1007 1748 1017 1766 ‘
1030 1747 1081 1779 Ut
1101 1747 1208 1779 Aldus
1224 1748 1396 1787 ediderat,
1417 1747 1467 1778 ita
1482 1746 1583 1778 video
1598 1746 1631 1776 in
1650 1745 1755 1785 pluri-

282 1795 346 1827 bus
363 1799 484 1826 extare
500 1793 603 1825 codd.
627 1798 665 1825 ut
677 1793 834 1835 Pighius,
847 1792 978 1823 habent
993 1795 1063 1823 tres
1078 1790 1201 1823 Leidd.
1217 1795 1254 1822 et
1269 1790 1392 1832 Ultraj.
1410 1790 1509 1831 prim.
1543 1789 1612 1821 Sed
1629 1788 1756 1829 Copes.

284 1837 398 1870 Paris.
411 1841 492 1868 tert.
505 1846 564 1878 per
578 1846 729 1868 summam
740 1839 943 1877 patronorum
952 1845 965 1873 ,·
987 1834 1085 1867 Leid.
1103 1843 1172 1866 sec.
1195 1843 1253 1874 per
1266 1843 1412 1865 summas.
1457 1833 1563 1864 Certe
1584 1832 1755 1863 alterutra

286 1880 489 1922 praepositio
506 1884 557 1911 est
573 1888 799 1920 supervacua.
844 1877 900 1910 An
916 1877 1076 1919 scripsit?
1098 1880 1129 1909 et
1149 1886 1205 1918 per
1229 1886 1379 1908 summam
1404 1875 1535 1907 interim
1555 1878 1757 1915 patronorum

283 1926 405 1965 pariter
422 1927 454 1955 et
477 1926 690 1955 accusatorum
716 1922 977 1954 admirationem.-
1000 1925 1038 1952 ut
1064 1920 1172 1959 dicat,
1195 1919 1274 1951 dum
1300 1920 1350 1951 illi
1379 1919 1509 1960 pariter
1535 1912 1664 1949 factum
1680 1916 1755 1958 ejus

285 1968 468 2007 mirantur,
482 1968 594 2007 ipsum
611 1965 660 1997 sic
677 1975 790 1998 orsum
806 1963 935 1997 fuisse!
962 1965 1093 1996 Torren.
1137 1964 1222 1995 Mox
1245 1966 1291 1995 est
1318 1968 1396 2004 post
1421 1971 1509 1994 orsus
1524 1960 1658 1992 addidit
1673 1960 1757 2002 Pig-

284 2011 374 2050 hius,
396 2009 487 2052 quod
505 2019 525 2040 a
539 2009 689 2050 vulgatis
705 2009 794 2040 Edd.
811 2007 1000 2047 exulabat3
1024 2007 1083 2039 sed
1101 2016 1166 2038 non
1196 2016 1216 2037 a
1239 2007 1334 2046 Mog.
1357 2010 1394 2038 et
1409 2006 1494 2037 Mss.
1518 2008 1590 2035 tum
1615 2002 1754 2046 quidam

286 2054 356 2095 quis
370 2053 413 2085 sit
420 2064 433 2091 ,·
456 2054 541 2085 item
556 2052 642 2092 cujus
656 2052 699 2084 sit
713 2063 725 2090 ;
749 2052 819 2093 Bit.
836 2053 935 2093 prim.
950 2050 1119 2091 cnjusmodi
1132 2050 1188 2082 sit.
1232 2049 1351 2090 Multi,
1371 2058 1465 2091 quam
1489 2049 1574 2080 viam
1596 2047 1756 2088 egerit.—

952 2123 984 2155 N
991 2122 1094 2155 OTAE

288 2189 379 2222 sicut
407 2192 497 2228 erat,
526 2186 658 2230 aperiat
688 2186 893 2227 Judicibus;
936 2186 996 2219 ille

287 2244 389 2282 paret
403 2239 515 2279 uxori,
541 2238 731 2271 officiorum
748 2239 860 2271 Clodii
882 2240 998 2270 imme·

287 2300 374 2332 mor,
388 2294 606 2332 testaturque
621 2289 778 2322 Clodium
792 2299 832 2322 eo
847 2290 923 2331 ipso
940 2289 997 2321 die

289 2342 332 2375 ad
349 2351 387 2374 se
408 2341 543 2373 venisse
565 2340 719 2372 domum:
742 2340 823 2372 hinc
846 2340 998 2381 capitale

287 2395 323 2427 in
339 2395 452 2437 ipsum
464 2390 581 2426 odium
596 2392 723 2432 Clodii,
738 2392 915 2425 Ciceronis
927 2391 998 2423 exi—

289 2447 387 2487 lium,
414 2445 526 2479 Clodii
548 2443 676 2484 caedes,
698 2448 735 2476 et
757 2443 913 2483 ingentes
936 2442 998 2475 sub

290 2499 366 2530 haec
380 2498 416 2529 in
429 2496 515 2529 urbe
530 2495 636 2528 coorti
649 2494 827 2527 tumultus.

335 2548 355 2567 *
372 2547 440 2580 An.
456 2548 508 2580 M.
524 2549 622 2580 3995.
639 2545 698 2579 01.
713 2547 789 2577 18⁰.
804 2547 838 2577 2.
855 2543 942 2576 Urb.
958 2544 998 2576 C.

292 2602 369 2632 690.
384 2598 468 2630 Ant.
482 2597 543 2630 Ch.
555 2599 610 2629 58.
806 2588 813 2597 '

338 2649 346 2670 ¹
369 2650 411 2681 P.
436 2647 603 2688 Servilius]
634 2646 756 2685 Vacia,
785 2644 843 2688 qui
873 2644 999 2677 Consul

296 2711 386 2732 anuo
414 2699 519 2732 Urbis
541 2701 618 2730 675.
643 2698 779 2730 Piratas
810 2695 1001 2738 superavit,

294 2752 593 2794 validissimasque
617 2759 733 2796 eorum
761 2749 865 2781 urbes
895 2748 1000 2788 Cory-

1052 2197 1142 2228 cum,
1159 2187 1362 2229 Olympum,
1385 2188 1422 2217 et
1436 2183 1601 2216 Phaselin
1616 2182 1755 2223 evertit,

1051 2239 1277 2280 Isaurumque
1293 2238 1402 2279 ipsam
1415 2245 1529 2269 arcem
1540 2234 1671 2268 Ciliciae
1685 2243 1758 2266 mu-

1051 2288 1370 2330 nitissimam‚unde
1397 2287 1542 2320 Isaurici
1566 2294 1756 2329 cognomen

1052 2340 1254 2383 reportavit.

1095 2397 1119 2412 ¹³¹
1140 2391 1286 2431 Angusto
1313 2390 1392 2431 loco]
1414 2389 1455 2421 Id
1482 2398 1590 2431 genus
1618 2386 1757 2420 honoris

1052 2442 1205 2476 civitatis
1234 2441 1445 2483 principibus
1483 2438 1614 2472 deferri
1655 2439 1757 2470 moris

1054 2498 1140 2526 erat.
1177 2493 1280 2526 Unde
1296 2494 1427 2524 Seneca
1442 2492 1505 2532 Ep.
1518 2493 1572 2523 70.
1597 2494 1606 2508 ‘
1617 2489 1654 2522 Si
1666 2489 1758 2521 Con-

1053 2545 1161 2576 sulem
1187 2543 1299 2582 video,
1328 2544 1388 2573 aut
1415 2540 1618 2576 Praetorem,
1644 2539 1759 2571 omnia

1016 2623 1018 2627 ,
1053 2594 1175 2636 quibus
1204 2594 1313 2624 honor
1335 2590 1453 2623 haberi
1483 2590 1581 2629 solet,
1610 2587 1757 2628 faciam3

1053 2654 1141 2687 equo
1157 2643 1324 2681 desiliam,
1345 2646 1451 2684 caput
1476 2639 1684 2684 adoperiam,
1705 2648 1759 2684 se·

1053 2697 1138 2728 mita
1151 2693 1296 2727 cedam.¹
1712 2684 1714 2686 ¹
