1878 3132
290 164 378 208 754
666 171 879 205 vanam:
911 171 1107 204 MAxim
1141 171 1236 204 mn.
1261 172 1368 203 viu.

292 267 561 325 Pompeium
575 274 591 293 ⁰
619 266 679 314 A.
702 266 770 312 F.³
801 265 1176 325 repetundarum⁶
1209 281 1336 311 reum
1368 263 1579 311 acerrime
1605 267 1759 310 dicen-

292 340 413 382 tibus
432 338 751 389 testimonium‚
769 350 860 380 non
880 338 1125 391 abrogata*
1156 335 1270 378 fides
1290 336 1495 379 absoluto
1515 335 1758 391 Pompam

294 407 373 450 sed
392 420 448 450 nc
467 407 671 463 potentia
689 405 918 448 inimicum
933 404 1218 460 oppressisse
1239 404 1502 457 viderentur,
1522 415 1760 447 occursum

295 473 403 520 est?

351 545 393 588 2.
423 543 491 587 Μ.
521 544 655 587 etiam
695 542 906 586 AEmilius
943 542 1160 593 *Scaurus
1199 541 1414 597 princeps
1462 547 1659 592 senatus,
1707 539 1762 584 G.

295 612 558 656 Memmium
572 620 589 638 ⁶
616 612 959 669 repetundarum
979 623 1104 653 reum
1125 609 1339 652 destricto
1369 609 1629 652 testimonio
1649 609 1764 651 inse·

296 687 430 726 cutus
451 685 551 725 est.†
599 681 713 725 Item
733 679 785 723 C.
808 676 1044 723 Flavium?
1069 677 1222 721 eadem
1242 678 1336 733 lege
1357 681 1617 720 accusatum
1641 677 1764 720 testis

295 746 552 807 proscidit.‡
610 749 641 793 J
644 763 717 793 am
749 748 800 792 C.
825 748 1128 800 Norbanum‚⁸
1155 747 1409 803 majestatis
1437 745 1620 797 crimine
1647 747 1763 801 pub-

294 819 397 862 licae
421 818 663 875 quaestioni
684 817 951 873 subjectum,
982 830 1042 860 ex
1061 815 1264 872 professo
1297 814 1550 870 opprimere
1577 817 1765 856 conatus

297 892 388 931 est:
425 901 509 930 nec
544 892 689 931 tamen
719 891 799 928 aut
831 884 1118 936 auctoritate,
1153 896 1242 940 qua
1273 883 1513 938 plurimum
1544 882 1766 938 pollebat,

299 961 377 998 aut
395 956 630 1012 religione,
663 955 718 997 de
751 967 846 1010 qua
860 966 992 996 nemo
1013 953 1267 1003 dubitabat,
1288 963 1542 1006 quenquam
1561 948 1765 995 illorum⁵

299 1024 493 1080 affligere
514 1023 695 1080 potuit?

355 1093 396 1135 3.
426 1092 478 1135 L.
499 1105 678 1148 quoque
699 1090 890 1134 Crassus
911 1092 1062 1132 tantus
1083 1087 1203 1143 apud
1217 1087 1418 1143 judices,
1436 1090 1633 1142 quantus
1646 1085 1768 1143 apud

298 1161 355 1206 P.
378 1161 429 1205 C.
451 1159 666 1204 AEmilius
680 1159 699 1187 ⁶
729 1159 941 1209 Scaurus,
972 1169 1165 1212 namque
1194 1169 1347 1199 eorum
1379 1154 1593 1210 suffragia
1611 1154 1769 1198 robus-

298 1230 485 1272 tissimis
506 1234 552 1272 et
571 1228 846 1272 felicissimis
876 1227 1145 1282 eloquentiae
1176 1224 1411 1280 stipendiis
1430 1223 1626 1279 regebat,
1654 1227 1770 1265 crat·—

298 1311 385 1353 que
407 1298 474 1340 sic
492 1296 592 1349 fori,
612 1301 664 1339 ut
684 1297 759 1339 ille
780 1295 915 1338 curiae
936 1295 1162 1350 princeps.
1206 1293 1320 1336 Cum
1338 1291 1772 1335 vehementissimum

911 1382 932 1395 O

298 1440 468 1482 scriptum
483 1439 615 1481 reperit
635 1439 780 1482 Pighius
805 1439 841 1472 in
865 1439 999 1483 aliquot
1022 1437 1127 1472 codd.
1173 1436 1283 1470 Aldus
1308 1436 1469 1469 ediderat
1495 1435 1538 1472 Q.
1555 1431 1773 1475 PommAqfi-

298 1484 385 1516 dium
393 1495 407 1523 ,·
429 1484 521 1526 quod
538 1493 603 1516 nec
618 1483 760 1525 Sigonio
775 1483 929 1526 placuit:
952 1483 1084 1526 quippe
1099 1481 1202 1524 quiin
1214 1480 1466 1514 Commentario
1479 1479 1521 1511 ad
1535 1478 1656 1510 Fastos
1669 1475 1771 1508 Rom.

299 1532 336 1560 et
349 1526 488 1570 quidem
503 1527 547 1559 ad
562 1536 641 1559 ann.
655 1535 776 1560 nexu.
791 1531 829 1560 et
843 1527 918 1569 ipse
944 1527 1024 1559 Auli
1036 1525 1148 1570 filium
1171 1523 1356 1566 legendum
1383 1532 1460 1555 esse
1482 1521 1598 1554 docet.
1640 1519 1710 1552 Sed
1733 1522 1773 1550 et

300 1570 502 1612 Leopardus
529 1569 675 1603 Emend.
699 1579 751 1603 vr.
781 1573 813 1602 1.
835 1579 877 1602 ea
898 1569 944 1602 de
969 1580 1007 1602 re
1033 1567 1190 1602 monuit!
1220 1568 1323 1600 Vorst.
1371 1566 1496 1608 Ultraj.
1523 1569 1668 1605 uterque
1694 1561 1777 1596 Auli*

290 1614 420 1658 filiium
442 1614 514 1647 Bit.
530 1618 567 1647 et
584 1613 690 1647 Barb.
713 1613 816 1655 prim.
831 1613 1019 1657 Aulifilum5
1044 1612 1182 1655 quidam
1207 1614 1319 1643 totum
1342 1609 1482 1642 delent:
1504 1605 1658 1640 nonnulli
1681 1604 1773 1647 Aufi-

298 1659 385 1691 dum.
406 1656 485 1690 Auli
489 1657 602 1701 filium
617 1657 748 1690 diserte
764 1658 861 1698 Mog.
878 1657 915 1689 in
932 1666 999 1700 qua
1015 1657 1120 1688 etiam
1137 1658 1203 1692 est,
1218 1654 1253 1686 in
1272 1654 1315 1691 Q.
1331 1653 1421 1685 illum
1438 1650 1700 1693 Pompeium—4
1717 1648 1773 1680 Ita

300 1711 418 1734 omnes
432 1701 535 1733 codd.
551 1702 698 1733 Torren.
712 1703 864 1741 arrogata
875 1710 963 1732 unus
978 1699 1110 1732 Brund.
1123 1703 1161 1731 et
1178 1698 1276 1739 Mog.
1301 1700 1341 1729 ut
1366 1695 1454 1738 legit
1480 1692 1679 1736 Leopardus
1702 1690 1727 1724 1.
1742 1700 1775 1724 c.

300 1745 387 1777 Mox
403 1754 466 1787 pro
481 1744 663 1777 viderentur
678 1744 782 1777 Barb.
800 1747 830 1776 1.
847 1743 969 1776 Leidd.
987 1746 1018 1775 l.
1034 1746 1065 1776 6.
1082 1747 1119 1775 et
1133 1742 1216 1775 Vet.
1230 1740 1361 1773 habent
1383 1740 1556 1779 videretur,
1580 1746 1628 1769 sc.
1651 1736 1774 1778 poten-

299 1788 370 1829 πίας
394 1787 486 1831 quod
501 1797 568 1820 non
585 1787 710 1830 probat
723 1788 936 1820 'torrem—5
962 1786 1092 1819 Omnes
1120 1785 1223 1818 codd.
1248 1789 1285 1816 et
1312 1784 1409 1825 Mog.
1429 1783 1611 1815 eorum—6
1631 1778 1675 1811 ln
1686 1786 1773 1810 uon-

300 1832 403 1864 nullis
417 1831 497 1865 edd.
514 1835 598 1864 vett.
612 1834 748 1874 quantus
759 1831 843 1873 apud
859 1831 978 1863 Patres
995 1831 1034 1862 C.
1047 1828 1230 1871 AEmyliu³3
1255 1828 1378 1869 Copes.
1393 1830 1430 1858 et
1442 1825 1523 1858 Par.
1541 1827 1573 1857 3.
1598 1823 1649 1856 M.
1670 1820 1774 1855 ΛΕΜ·-

965 1916 995 1948 N
1003 1915 1107 1949 OTAE

343 1988 358 2006 ‘³
375 1984 416 2021 Q.
427 1983 630 2026 Pompeium]
647 1983 837 2026 Nepotem,
849 1982 908 2026 qui
923 1982 1013 2014 filius

302 2036 454 2069 tibicinis
471 2036 573 2079 vulgo
595 2034 793 2075 dicebatur,
813 2034 1013 2076 primusque

301 2098 344 2121 ex
362 2090 466 2130 gente
482 2086 652 2129 Pompeia
667 2085 891 2119 Consulatum
910 2084 1012 2127 adep-

303 2146 359 2173 tus
372 2144 438 2172 est.

343 2190 361 2213 ὁ
381 2189 655 2232 Repetundarum]
671 2188 732 2221 Bis
745 2192 926 2222 accusatus
939 2192 1009 2229 θεῖς

301 2243 408 2276 semel
418 2242 466 2276 ob
479 2240 593 2273 foedus
603 2240 728 2273 initum
741 2250 817 2273 cum
832 2239 1012 2272 Numanti-

302 2296 367 2337 nis,
395 2305 416 2327 a
444 2293 570 2338 quibus
593 2293 704 2325 victus
728 2291 866 2332 fuerat;
889 2291 1013 2324 iterum

302 2345 584 2389 repetundarum,
596 2344 722 2386 bisque
744 2343 921 2376 absolutus
937 2347 1009 2375 est:

302 2396 415 2429 factus
442 2395 547 2428 etiam
570 2399 694 2437 postea
710 2393 842 2426 Censor
864 2402 942 2425 cum
965 2393 1010 2426 Q.

303 2448 450 2481 Metello
465 2444 705 2479 Macedonico.
750 2443 892 2476 Dicitur
914 2453 934 2475 a
957 2444 1013 2476 Ci-

302 2507 427 2531 cerone
442 2497 476 2529 in
491 2496 616 2538 Bruto,
628 2495 728 2527 homo
739 2503 801 2536 per
812 2502 849 2525 se
865 2493 1012 2535 genitus,

303 2550 398 2582 nulla
412 2546 710 2582 commendatione
732 2545 899 2588 maiorum
923 2553 1012 2576 sum-

301 2611 375 2634 mos
399 2601 545 2634 honores
571 2594 745 2640 adeptus;
768 2601 803 2629 et
821 2594 1011 2627 tolerabilis

306 2651 451 2684 Orator.

348 2703 369 2719 ⁹
391 2702 458 2736 An.
478 2702 639 2735 M.3916.
686 2699 746 2733 Ol.
761 2700 883 2731 160.3.
927 2696 1016 2730 Urb.

309 2754 349 2787 C.
364 2756 440 2786 615.
486 2752 570 2785 Ant.
583 2752 645 2785 Ch.
663 2754 737 2785 13⁷.

1111 1985 1126 2002 ·
1149 1981 1186 2012 C.
1206 1977 1406 2019 Memmium]
1429 1975 1500 2011 Qui
1513 1973 1689 2007 Tribunus
1704 1972 1776 2014 ple-

1067 2032 1120 2065 bis
1134 2029 1309 2063 nobilitati
1320 2027 1559 2061 infestissimus
1571 2024 1660 2065 fuit;
1677 2023 1777 2066 cnjus

1067 2082 1228 2116 facundia
1244 2086 1316 2113 tum
1331 2080 1427 2112 clara
1441 2077 1562 2110 Romae
1576 2075 1776 2119 pollensque

1067 2134 1149 2177 fuit,
1166 2144 1209 2167 ex
1224 2133 1367 2166 Sallust.

1108 2190 1123 2221 †
1146 2186 1212 2218 An.
1231 2184 1317 2217 Urb.
1331 2186 1409 2216 650.

1109 2236 1124 2257 f
1145 2237 1183 2269 C.
1216 2234 1377 2276 Flavium]
1411 2232 1610 2271 Pusiouem‚
1638 2228 1698 2272 qui
1722 2227 1777 2262 M.

1068 2289 1181 2322 Druso
1197 2288 1351 2320 Tribuno
1366 2284 1478 2328 plebis
1492 2282 1637 2316 restitit.

1113 2345 1128 2379 ss
1153 2339 1221 2372 An.
1236 2338 1324 2372 Urb.
1340 2339 1418 2369 656.

1109 2397 1126 2420 8
1150 2392 1189 2424 C.
1208 2387 1409 2429 Norbanum]
1439 2386 1469 2419 A
1487 2385 1529 2418 P.
1543 2382 1693 2426 Sulpitio
1709 2389 1779 2413 ma-

1063 2442 1197 2485 jestatis
1239 2443 1432 2480 accusatus,
1468 2435 1560 2479 quod
1599 2432 1777 2465 Tribunus

1067 2492 1179 2535 plebis
1204 2490 1410 2525 seditionem
1437 2485 1636 2525 excitasset,
1658 2482 1694 2515 in
1710 2492 1779 2526 qua

1065 2543 1212 2576 Scaurus
1237 2540 1353 2583 lapide
1375 2546 1561 2581 percussus
1589 2538 1662 2568 est:
1685 2543 1707 2566 a
1727 2533 1779 2566 M.

1066 2594 1221 2626 Antonio
1244 2591 1421 2627 defensus,
1446 2589 1489 2622 ab
1518 2586 1704 2630 Equitibus
1719 2584 1778 2617 ab—

1067 2645 1212 2678 solutus.
1257 2642 1373 2675 Multa
1387 2641 1431 2673 de
1445 2639 1510 2673 hoc
1519 2637 1655 2684 jndicio
1671 2635 1778 2669 habet

1071 2696 1196 2728 Cicero
1211 2693 1255 2726 de
1269 2693 1372 2726 Orat.
1388 2691 1450 2724 lib.
1462 2699 1504 2724 11.

1113 2754 1130 2770 ο
1154 2743 1222 2778 An.
1240 2742 1327 2776 Urb.
1344 2744 1418 2775 659.
