1878 3132
517 182 626 214 oss.
647 181 758 213 vm.
790 181 857 214 nss
888 181 1004 213 οτιο
1041 180 1294 214 [amomo.
1556 169 1646 214 777

168 281 351 339 pestiva
378 279 544 323 laboris
575 277 909 322 intermissione
946 276 1004 320 ad
1042 276 1334 320 laborandum
1368 277 1478 320 fiant
1518 291 1650 333 vege—

167 351 322 393 tiores.

225 419 268 461 1.
300 418 392 461 Par
426 429 547 460 verae
592 415 808 459 amicitiae
841 415 1137 458 clarissimum
1177 414 1338 470 Scipio
1372 419 1417 458 et
1445 414 1651 466 Laelius,a

169 500 270 530 cum
291 486 461 529 amoris
481 485 678 537 vinculo,
708 489 803 527 tum
827 486 963 528 etiam
992 484 1190 528 omnium
1216 483 1423 526 virtutum
1456 484 1568 526 inter
1600 498 1649 526 se

162 555 313 612 juncti
335 555 572 605 societate,
589 559 638 597 ut
658 558 859 596 actuosae
881 553 989 596 vitae
1009 553 1090 595 iter
1111 552 1279 608 aequali
1294 551 1434 606 gradu
1451 565 1650 607 exeque—

166 623 338 676 bantur,
358 624 422 667 ita
443 623 581 666 animi
602 635 783 679 quoque
802 619 1090 666 remissioni⁶
1123 620 1423 664 communiter
1442 621 1651 675 acquies-

169 692 344 737 cebant.
405 691 596 736 Constat
628 704 822 748 namque
842 703 924 734 eos
945 690 1119 747 Cajetae
1140 693 1184 733 et
1205 686 1448 732 Laurentib
1484 695 1651 744 vagos⁷

167 761 396 805 littoribus
428 761 675 805 conchulas
713 764 759 803 et
790 760 1022 803 calculosc
1051 758 1314 803 lectitasse:
1345 757 1483 813 idque
1518 770 1568 800 se
1602 757 1652 800 L.

169 828 394 874 Crassus<¹
429 844 488 874 ex
508 843 663 874 socero
684 843 765 872 suo
788 828 847 881 Q.
869 828 1098 882 Scaevola,
1131 829 1209 884 qui
1243 841 1373 883 gener
1395 826 1527 870 Laelii
1553 825 1652 878 fuit,

169 899 351 943 audisse
369 911 684 956 saepenumero
705 897 1015 955 praedicavit?

226 970 270 1013 2.
301 970 513 1013 Scaevola
533 972 700 1020 autem,
717 968 885 1024 quietae
907 967 1186 1010 remissionis
1207 979 1360 1009 eorum
1379 965 1655 1009 certissimus

170 1037 315 1090 testiS‚
337 1038 509 1094 optime
542 1038 639 1093 pila
668 1037 832 1079 lusisse
858 1036 1074 1079 traditur:
1105 1036 1215 1092 quia
1234 1035 1450 1078 videlicet
1478 1035 1537 1078 ad
1568 1034 1655 1078 hoc

170 1107 484 1150 diverticulum
503 1107 702 1149 animum
736 1119 868 1149 suum
902 1105 1161 1149 forensibus
1197 1104 1462 1147 ministeriis
1492 1103 1656 1158 fatiga-

171 1180 282 1227 tum,
304 1176 545 1219 transferre
563 1175 753 1219 solebat.
786 1173 953 1218 Alveo⁸
978 1187 1162 1231 quoque
1178 1177 1222 1217 et
1243 1172 1452 1216 calculis‘
1467 1184 1657 1215 vacasse

172 1244 391 1289 interdurn
409 1245 598 1300 dicitur;
628 1258 732 1288 cum
752 1245 866 1288 bene
886 1258 941 1288 ac
963 1244 1041 1288 diu
1061 1243 1168 1300 jura
1189 1243 1373 1295 civium,
1391 1245 1436 1285 et
1450 1242 1658 1285 caerimo-

789 1343 831 1357 ‘O
831 1342 1034 1356 ΟΟΟΟΟΟΟ

171 1388 304 1429 exigunt
315 1399 328 1428 ,·
352 1389 451 1424 Leid.
475 1397 546 1422 sec.
573 1390 704 1432 proprie
729 1390 798 1422 vila
819 1389 959 1424 inker-tia
973 1389 1179 1430 tromigunt3
1203 1387 1304 1420 Harl.
1320 1391 1358 1419 et
1379 1390 1528 1428 uterque
1545 1385 1659 1418 Paris.

169 1442 267 1474 prope
278 1434 380 1465 vitam
390 1434 526 1466 inertem
540 1434 701 1474 exiguum
724 1434 813 1476 Cop.
830 1439 868 1466 et
886 1434 1017 1476 Ultraj.
1030 1434 1132 1476 prim.
1149 1431 1278 1474 proprie
1289 1431 1391 1463 vitam
1406 1430 1541 1462 inertem
1557 1433 1661 1462 tram-

172 1476 284 1515 immt:
307 1476 367 1509 sed
395 1477 528 1519 Ultruj.
550 1477 691 1510 iuer-vem
713 1477 822 1510 babet
847 1487 913 1520 pro
939 1477 1095 1511 inertem.-
1117 1476 1244 1519 Ultrsj.
1271 1484 1343 1507 sec.
1367 1474 1476 1506 Barb.
1507 1473 1608 1516 prim.
1623 1478 1661 1505 et

171 1519 268 1560 Mog.
287 1521 450 1562 propriam
477 1521 577 1553 vitam
591 1522 724 1554 inertem
740 1521 876 1562 exigunt
888 1532 902 1560 ;
924 1521 998 1554 Bit.
1015 1521 1115 1563 prim.
1129 1529 1226 1562 prope
1241 1519 1341 1552 vitam
1355 1527 1498 1550 enervem
1512 1516 1662 1557 erigerem

173 1562 275 1613 ¹4²⁶·
302 1565 415 1606 quint.
445 1565 610 1607 propriam
631 1565 732 1597 vitam
758 1575 900 1598 enervem
925 1565 1059 1606 exigunt
1071 1575 1084 1604 ‚·
1106 1563 1252 1596 Medici.
1270 1567 1308 1595 et
1331 1560 1478 1595 Ascens.
1498 1561 1662 1602 propriam

173 1610 272 1639 uttam
300 1607 436 1640 inertem
459 1610 595 1649 exigant
608 1619 622 1647 ,·
643 1609 734 1641 Ven.
761 1607 843 1641 Ald.
872 1612 910 1642 et
939 1608 1051 1642 Colin.
1079 1606 1206 1650 proprie
1229 1606 1330 1638 vitam
1354 1606 1489 1637 inertem
1504 1604 1662 1645 exiguum

174 1649 311 1692 Grypb.
343 1655 379 1683 et
400 1652 522 1694 steph.
549 1661 648 1694 prope
668 1652 769 1685 vitam
793 1653 930 1684 inertem
956 1653 1102 1692 exigant.
1163 1650 1335 1693 Equidem
1362 1647 1478 1680 fateor
1507 1657 1563 1680 me
1593 1656 1661 1680 uon

172 1693 368 1736 intelligere
397 1699 510 1728 totum
541 1695 622 1736 hoc,
646 1694 796 1729 Alterum
824 1696 992 1728 vitandum
1017 1699 1065 1728 eat
1079 1694 1250 1735 inertibus,
1276 1703 1316 1725 ne
1325 1692 1455 1735 proprie
1466 1691 1567 1724 vitam
1578 1691 1663 1723 iner-

173 1740 235 1769 tem
259 1739 456 1780 transigant.
499 1739 548 1772 Et
573 1739 703 1781 proprie
728 1739 780 1772 its
808 1740 960 1782 positum
987 1749 1052 1781 pro
1074 1741 1226 1781 perpetuo
1250 1736 1364 1778 accipi
1391 1745 1506 1778 posse,
1519 1734 1664 1774 nemini,

173 1779 294 1822 credo,
309 1781 473 1815 Vorstius
490 1783 717 1825 persuaserit.
763 1783 889 1816 Placet
906 1784 1030 1826 magis,
1044 1792 1083 1815 ne
1092 1782 1223 1824 proprie
1237 1782 1337 1813 vitam
1350 1789 1494 1812 enervem
1503 1778 1662 1820 exigunt?

173 1824 387 1858 Turrem—6
411 1825 539 1868 copes.
569 1826 826 1860 remissiones—⁷
850 1828 976 1870 copes.
995 1831 1132 1869 septem
1149 1824 1252 1858 codd.
1267 1825 1412 1857 Torren.
1428 1827 1465 1855 et
1480 1822 1562 1855 edd.
1579 1828 1662 1854 ante

173 1867 277 1910 Pigh.
291 1878 390 1909 vagos
398 1879 412 1907 ‚·
434 1869 580 1912 Pighius
598 1880 681 1902 vero
703 1880 783 1903 cum
798 1870 922 1903 Colere
937 1876 974 1904 et
989 1871 1111 1903 Vorst.
1125 1879 1238 1910 cogas,
1253 1867 1347 1911 quod
1368 1867 1516 1900 mutavit
1538 1866 1663 1899 Torre-

173 1911 262 1944 nius.
277 1913 443 1945 conchulas
457 1917 489 1946 et
502 1913 666 1946 umbilicos
680 1914 785 1955 Pigh.
802 1923 847 1946 ex
862 1914 1002 1948 Winck.
1018 1918 1054 1947 et
1070 1915 1121 1946 sic
1137 1914 1232 1946 Dan.
1254 1918 1291 1944 et
1308 1911 1406 1944 Leid.
1423 1915 1455 1943 5.
1470 1913 1503 1943 et
1518 1909 1665 1942 obeliscos

173 1953 299 1988 Atreb.
315 1960 348 1989 et
362 1956 490 1989 obilieoe
506 1958 651 1990 Venett.
693 1958 793 1991 Lect.
817 1962 973 1992 nostram
990 1961 1168 1992 testantur
1183 1965 1302 1989 omnes
1310 1954 1386 1988 fere
1402 1954 1505 1988 codd.
1518 1954 1662 1988 Torren-

175 2003 213 2030 et
229 1998 308 2032 edd.
324 2004 413 2032 vett.
457 2000 544 2032 Mox
572 2010 635 2043 pro
662 2001 705 2034 L.
735 2002 883 2039 Crassus,
917 2007 973 2035 est
1001 2002 1035 2034 in
1066 2001 1147 2034 edd.
1171 2005 1262 2032 vett.
1290 2005 1326 2031 et
1351 1999 1470 2031 multis
1499 1997 1601 2030 codd.
1623 1997 1667 2029 P.

176 2041 389 2076 Crassum—8
411 2042 470 2076 Ita
492 2044 596 2087 Pigh.
624 2053 668 2076 ex
693 2045 818 2078 Atreb.
852 2046 975 2088 Camp.
993 2045 1133 2079 Gembl.
1165 2048 1203 2076 et
1222 2043 1364 2075 Winck.
1387 2046 1425 2075 et
1449 2041 1500 2074 sic
1529 2041 1661 2074 Brund.

176 2086 208 2117 1.
233 2088 265 2119 2.
296 2091 334 2119 et
364 2087 464 2119 Leid.
494 2091 528 2120 6.
566 2087 658 2120 Aleis
685 2093 821 2132 septem
847 2089 952 2122 codd.
978 2090 1125 2122 Torren.
1170 2088 1260 2120 Aleoe
1285 2086 1416 2128 Ultnj.
1446 2088 1480 2118 2.
1504 2085 1604 2117 Leid.
1630 2087 1662 2118 3.

174 2131 206 2162 4.
235 2134 273 2162 et
297 2130 393 2173 Mog.
418 2131 542 2164 Balnea
568 2130 666 2164 Leid.
688 2135 724 2165 6.
759 2132 840 2165 Alea
865 2133 966 2166 Leid.
988 2135 1022 2166 2.
1059 2133 1149 2166 Aleoe
1164 2130 1328 2164 damnare
1345 2129 1404 2162 vix
1421 2128 1513 2162 ausit
1538 2129 1662 2162 Torre-

843 2208 990 2243 NOTAE

217 2276 233 2293 ⁸
254 2271 361 2314 Scipio
387 2276 421 2305 et
435 2272 568 2316 lazius]
593 2274 688 2307 Cave
703 2283 748 2307 ne
766 2273 891 2307 credas
945 2273 1099 2316 rotundi,
1132 2272 1388 2315 nitidioresque
1415 2270 1556 2312 calculi,
1588 2270 1660 2313 qui-

173 2322 229 2355 hic
246 2324 302 2366 agi
326 2324 370 2356 de
394 2322 562 2357 Africano
584 2325 714 2367 mnjore
729 2329 766 2358 et
780 2325 890 2359 Laelio
945 2326 1007 2361 bus
1032 2326 1136 2360 etiam
1158 2325 1264 2359 libros
1289 2325 1370 2358 olim
1396 2324 1565 2358 decorare
1589 2333 1661 2355 mos

175 2373 268 2406 illius
292 2373 454 2417 Legato3
479 2375 572 2419 quod
595 2376 668 2419 jam
695 2377 804 2409 semel
818 2387 888 2410 mo·
943 2381 1046 2412 erat:
1069 2377 1162 2411 unde
1187 2377 1364 2411 Martialis
1401 2377 1462 2409 lib.
1488 2385 1514 2408 ι.
1560 2375 1662 2408 ‘Nec

174 2426 334 2459 unimus:
373 2425 489 2468 agitur
516 2428 607 2460 enim
647 2427 692 2460 de
728 2428 890 2471 Scipione
942 2430 1118 2464 umbilicis
1134 2430 1382 2472 cultus,atqne
1398 2426 1626 2473 membrana!

177 2475 359 2510 AEmiliano
383 2482 421 2510 et
444 2477 551 2511 Laelio
572 2479 753 2521 Sapiente‚
768 2480 828 2523 qui
842 2480 890 2512 al·
987 2480 1004 2503 ‘¹
1025 2482 1143 2515 Luctus
1167 2479 1319 2521 erasm]
1343 2480 1486 2512 Orator.
1503 2475 1662 2517 Scoevola]

176 2527 285 2559 terius
300 2528 396 2560 Laelii
409 2529 462 2562 vel
475 2528 567 2562 filius
583 2530 640 2562 vel
657 2539 766 2573 nepos
781 2530 861 2564 fuit.
945 2531 1067 2575 Augur
1084 2545 1092 2565 :
1129 2533 1274 2565 Crassus
1301 2529 1393 2563 enim
1419 2528 1598 2571 Scaevolae‚
1626 2531 1664 2559 et

219 2577 235 2599 ὓ
257 2579 425 2622 Laurenti]
450 2581 540 2614 Latii
564 2581 729 2624 oppidum
755 2582 823 2616 fuit
845 2584 888 2617 ad
945 2585 1103 2618 Scaevola
1120 2583 1220 2616 Laelii
1237 2591 1345 2624 gener
1359 2586 1448 2614 erat.

178 2629 282 2661 maris
297 2630 408 2663 littus.
454 2632 559 2665 Nunc
575 2632 614 2665 S.
626 2633 778 2667 Lorenzo.
987 2636 1008 2655 ¹⁸
1036 2635 1105 2668 Au.
1121 2635 1174 2667 M.
1192 2635 1291 2665 3860.
1311 2631 1369 2664 Ol.
1383 2634 1456 2665 146.
1469 2633 1500 2663 3.
1517 2629 1603 2664 Urb.
1619 2629 1661 2662 C.

220 2683 235 2701 θ
259 2680 435 2714 conchulas
467 2685 499 2715 et
536 2683 668 2717 calculos
695 2686 891 2730 [umbilicos]
944 2690 1023 2721 559.
1045 2685 1129 2718 Ant.
1145 2685 1302 2722 Ch.‚l93.

179 2730 249 2763 Alii
260 2730 419 2773 obeliscos,
433 2733 492 2765 alii
503 2735 638 2768 calculos
651 2736 795 2779 legunt3
818 2749 888 2771 me·
986 2743 1000 2759 ε
1026 2740 1051 2770 Α
1057 2739 1123 2770 loeo
1150 2745 1267 2779 quoque
1294 2738 1325 2767 et
1341 2733 1487 2776 calculis]
1502 2733 1580 2768 Hoc
1595 2739 1664 2775 est,

179 2781 244 2813 lius
282 2782 423 2824 legeris,
449 2783 631 2818 umbilicos.-
668 2788 767 2830 parvi
797 2795 890 2832 sunt,
946 2790 1100 2831 tesseris,
1118 2789 1173 2821 vel
1190 2786 1331 2820 taxillis.
