1878 3132
266 147 353 190 584
660 156 869 190 vAnsnn
904 156 1099 189 ΜΑΧιΜι
1138 158 1234 190 ms.
1268 157 1315 189 v.

267 253 369 297 Rex
388 251 639 310 superior‚¹²
652 257 667 275 ⁸
696 251 880 296 Catonis
900 253 948 295 in
968 252 1219 296 Consulatu
1240 252 1430 306 collega,
1458 252 1594 295 filium
1613 265 1733 297 sum-

266 335 352 364 mae
373 312 556 377 pietatis
585 325 628 363 et
655 334 828 376 magnae
862 323 974 377 spei,
1002 326 1046 364 et
1065 335 1166 377 quae
1188 334 1276 363 non
1297 334 1439 376 parva
1459 321 1731 365 calamitatis

267 389 474 432 accessio
503 388 606 440 fuit,
627 390 810 432 unicum
840 391 1002 432 amisit.
1063 389 1264 444 Cumque
1284 402 1332 430 se
1362 389 1487 431 obitu
1508 389 1607 444 ejus
1628 388 1736 431 sub-

264 461 409 500 rutum
442 461 489 500 et
518 471 722 501 eversum
751 458 939 508 videret,
964 458 1029 499 ita
1059 457 1257 499 dolorem
1280 456 1516 499 altitudine
1554 457 1733 499 consilii

267 526 478 579 coercuit,
499 531 552 569 ut
573 540 601 569 a
620 540 725 582 rogo
752 526 934 582 juvenis
969 526 1167 580 protinus
1190 525 1368 568 Curiam
1390 527 1571 580 peteret,
1607 537 1735 569 sena-

265 599 462 650 tumque,
482 608 613 651 quem
642 608 696 638 eo
726 594 798 637 die
824 595 924 648 lege
955 594 1120 636 habere
1140 599 1170 624 ¹³
1216 594 1468 648 oportebat,
1504 597 1729 638 evocaret.

266 661 400 714 Quod
438 663 527 706 nisi
545 667 580 695 ¹4
619 663 789 706 fortiter
828 675 1063 705 moerorem
1102 662 1212 704 ferre
1248 661 1429 712 scisset,
1466 663 1600 704 unius
1639 661 1732 706 diei

264 730 410 773 lucem
447 733 558 775 inter
600 732 908 774 calamitosum
947 734 1119 786 patrem
1150 734 1192 772 et
1229 735 1447 773 strenuum
1488 730 1732 782 consulem,

264 804 423 842 neutra
442 801 490 843 in
510 805 643 856 parte
667 804 845 843 cessato
862 804 893 830 ¹⁵
924 799 1091 854 officio,
1114 801 1270 856 partiri
1289 813 1378 843 non
1398 800 1678 856 potuisset.⁰‡

873 935 1132 968 EXTERNA.

323 1026 365 1068 1.
398 1025 612 1081 Princeps
653 1025 994 1069 Atheniensium
1046 1027 1241 1069 Pericles
1291 1027 1406 1070 intra
1429 1025 1735 1082 ‚quatriduum

209 1111 212 1116 ·
267 1094 442 1145 duobus
461 1094 659 1137 mirificis
694 1095 1063 1150 adolescentibus
1093 1093 1226 1137 filiisf
1253 1095 1490 1150 spoliatus,
1527 1095 1585 1137 iis
1616 1093 1731 1150 ipsis

267 1162 429 1205 diebus
471 1165 516 1204 et
553 1164 679 1205 vultu
727 1164 993 1219 pristinumg
1015 1176 1018 1180 ·
1039 1165 1242 1207 habitum
1282 1165 1507 1214 retinente,
1548 1166 1594 1205 et
1635 1175 1734 1205 ora·-

267 1231 390 1272 tione
431 1231 557 1273 nulla
598 1244 658 1273 ex
704 1236 830 1287 parte
866 1232 1121 1274 infractiore
1159 1232 1452 1274 concionatus
1491 1235 1574 1274 est.
1648 1230 1736 1272 Ille

269 1311 374 1341 vero
397 1304 537 1354 caput
558 1313 738 1355 quoque
761 1301 898 1343 solito
919 1314 1038 1343 more
1057 1306 1319 1344 coronatum
1338 1313 1486 1354 gerere
1506 1299 1733 1351 sustinuit,

266 1370 317 1408 ut
346 1367 456 1410 nihil
495 1381 554 1410 ex
585 1372 732 1411 vetere
763 1369 850 1410 ritu
882 1373 1059 1424 propter
1090 1369 1384 1411 domesticum
1404 1366 1569 1410 vulnus
1589 1365 1734 1409 detra-

309 1528 326 1544 ⁶
351 1524 441 1561 Quod
453 1525 517 1558 m'si
528 1526 669 1559 scivisset
673 1527 807 1570 sortiter
826 1528 961 1560 dolorem
974 1527 1077 1568 serre,
1101 1538 1162 1560 non
1182 1527 1334 1568 potuisset
1349 1528 1452 1558 eodem
1464 1525 1514 1557 die
1521 1524 1620 1564 fungi
1634 1523 1736 1567 officio

266 1570 298 1598 et
306 1568 411 1609 patris
427 1569 553 1612 afflicti,
565 1580 676 1612 corpus
680 1571 751 1614 filii
762 1570 932 1613 efferendo,
947 1574 978 1604 et
990 1572 1112 1604 strenui
1128 1570 1285 1612 Constans,
1299 1569 1448 1602 Senatum
1461 1569 1625 1601 evocando.

885 1678 1126 1691 eeeeeeeeeeee

269 1750 370 1784 codd.
387 1751 545 1784 undecim
560 1753 702 1785 Torren.
725 1753 895 1786 orationem
905 1758 1104 1787 meam—12
1125 1755 1134 1772 ‘
1151 1754 1280 1787 Omnes
1302 1753 1403 1785 codd.
1429 1757 1466 1786 et
1478 1752 1562 1785 edd.
1575 1756 1662 1786 vett.
1676 1752 1736 1787 ha-

267 1793 366 1835 bent,
387 1796 570 1836 superioris,
589 1800 628 1828 ut
642 1796 685 1828 ad
701 1797 865 1829 Catonem
879 1797 1059 1830 referatur.
1106 1796 1171 1829 Ast
1191 1797 1332 1838 Pighius
1354 1805 1398 1828 ex
1421 1797 1626 1838 conjectura
1646 1795 1736 1828 bene

269 1838 427 1876 reposuit
446 1838 601 1879 superior,
617 1848 739 1881 nempe
758 1841 800 1876 Q.
813 1841 958 1873 Marcius
972 1841 1058 1873 Rex.
1096 1841 1174 1872 Duo
1188 1841 1279 1873 enim
1295 1839 1421 1872 Marcii
1437 1839 1551 1881 Reges
1576 1838 1621 1871 ad
1645 1838 1736 1871 Con-

270 1880 419 1912 sulatum
436 1886 683 1922 pervenerunt‚
698 1887 796 1924 pater
811 1888 848 1916 et
860 1882 974 1916 filius-¹
996 1885 1190 1926 Kapp.—13
1214 1882 1489 1924 Codd..quinque
1512 1882 1657 1914 Torren.
1682 1881 1738 1913 ha-

270 1922 435 1955 bert—14
460 1923 524 1961 Qui
538 1925 602 1957 nisi
624 1926 750 1967 Ultraj.
764 1929 795 1958 1.
821 1927 887 1963 Qui
900 1937 963 1959 mm
977 1926 1114 1966 fortiter
1139 1925 1249 1959 codex
1275 1926 1523 1958 Perizon.-l5
1545 1925 1603 1958 Sic
1619 1933 1738 1957 omnes
1790 1940 1794 1943 -

270 1965 373 1998 codd.
387 1967 532 1999 Torren.
547 1978 623 2000 cum
640 1969 722 2001 Vet.
739 1969 837 2011 Mog.
850 1971 995 2002 Venett.
1010 1974 1047 2002 et
1064 1970 1159 2011 Lips.
1176 1979 1233 2011 ap.
1248 1969 1419 2001 Thanuer.
1446 1968 1512 2001 nisi
1538 1967 1629 2010 quod
1655 1976 1740 2009 qua-

272 2013 351 2041 tuor
366 2009 468 2042 codd.
489 2011 643 2044 scribunt
659 2015 780 2044 cassato
791 2022 805 2051 ‚·
828 2013 918 2045 unde
944 2014 1087 2047 Torren.
1110 2023 1174 2055 pro
1198 2012 1289 2054 vulg.
1314 2014 1452 2045 cessante
1478 2011 1560 2044 lect.
1585 2013 1738 2043 nostram

927 2117 1072 2150 NOTAE

315 2207 330 2224 θ
354 2202 396 2238 Q.
414 2202 558 2235 Marcius
574 2203 647 2236 Rex
668 2204 824 2247 superior]
846 2205 904 2238 Sic
928 2206 977 2238 le·
1032 2205 1122 2238 filios
1152 2209 1190 2238 et
1219 2206 1441 2247 propinquos,
1457 2207 1495 2236 et
1517 2202 1642 2236 amieos
1663 2201 1740 2243 ple·

273 2253 422 2296 gendum
447 2258 514 2294 est,
540 2263 607 2286 non
631 2255 802 2296 superioris
830 2256 974 2297 Catonis,
1033 2265 1172 2298 rosque,
1198 2256 1320 2299 quibus
1342 2256 1376 2288 in
1403 2254 1598 2297 Republica
1623 2251 1739 2286 fuerat

271 2309 313 2337 ut
329 2305 430 2346 vulgo
445 2305 513 2346 legi
530 2305 631 2338 solet.
677 2306 755 2338 Duo
771 2306 862 2338 enim
882 2307 977 2339 Mar·
1034 2307 1252 2350 potissimum
1269 2317 1365 2349 usus,
1379 2305 1501 2349 paucis
1524 2304 1645 2338 diebus
1659 2312 1739 2347 pes-

273 2355 318 2387 cii
352 2356 467 2398 Reges
498 2355 666 2389 Consules
690 2356 847 2398 fuerunt,
876 2362 979 2399 pater
1035 2359 1176 2391 tilentia
1189 2359 1343 2391 sustulit.

274 2410 312 2438 et
337 2405 448 2446 filius;
487 2411 525 2439 et
541 2412 666 2440 neuter
681 2417 760 2440 cum
781 2408 912 2441 Catone
929 2419 980 2440 su·
1078 2415 1095 2438 s
1122 2411 1221 2443 Vultu
1245 2409 1434 2451 pristinum]
1472 2407 1555 2441 Non
1582 2407 1631 2439 ita
1655 2405 1738 2439 Piu-

273 2457 435 2498 periore:
477 2464 514 2490 at
537 2462 639 2499 pater
668 2468 745 2491 cum
770 2459 823 2491 M.
848 2459 981 2492 Catone
1035 2462 1188 2494 tarchus.
1234 2462 1283 2493 Ut
1298 2461 1388 2492 enim
1404 2460 1580 2497 Parolum,
1603 2458 1631 2489 is
1653 2465 1740 2490 unus

275 2506 435 2539 Censoris
452 2513 595 2549 nepote,
608 2507 699 2541 filius
713 2518 789 2542 cum
805 2510 846 2542 L.
867 2509 976 2543 Caeci-
1036 2522 1081 2544 ex
1096 2511 1177 2543 filiis
1201 2511 1349 2553 reliquus
1372 2513 1461 2550 erat,
1475 2512 1646 2541 mortuum
1661 2515 1741 2540 con-

273 2557 320 2589 lio
331 2557 493 2590 Metello.
1033 2561 1162 2603 spexit,
1190 2566 1287 2594 tanto
1318 2569 1502 2602 oppressus
1528 2563 1581 2590 est
1607 2557 1739 2598 dolore,

318 2608 481 2645 ssAn.M.
495 2612 590 2642 3936.
614 2610 672 2643 01.
688 2613 764 2643 165.
780 2612 813 2643 3.
837 2610 921 2643 Urb.
935 2611 974 2644 C.
1032 2616 1073 2645 ut
1098 2612 1133 2644 in
1162 2612 1328 2653 ejulatum
1352 2612 1565 2651 erumperet,
1589 2613 1626 2640 et
1646 2617 1742 2650 mag-

275 2662 351 2692 635.
373 2659 458 2693 Ant.
482 2662 544 2695 Ch.
560 2665 635 2695 117.
1032 2673 1113 2696 nam
1128 2663 1197 2696 vim
1215 2661 1443 2705 profunderet
1456 2661 1695 2702 lacrymarum.

320 2707 331 2730 ¹
350 2710 443 2744 Intra
469 2713 669 2754 quatriduum
685 2737 695 2748 .
711 2737 720 2748 .
737 2737 747 2749 .
770 2737 780 2749 .
800 2712 901 2757 filiis]
932 2714 980 2748 Et
