1878 3132
590 193 700 226 cAP.
724 192 800 225 ιιι.
834 192 899 223 nn
933 192 1193 224 monins.
1546 181 1633 225 541

149 293 385 351 perfugere
398 292 433 325 ⁶³
469 306 656 336 necesse
682 292 892 335 haberet.†
956 291 1180 334 Phocioni
1209 303 1315 333 vero
1339 291 1411 334 his
1438 291 1634 344 dotibus,

150 377 256 420 qum
298 362 358 406 ad
395 362 656 418 pariendum
694 362 912 404 hommem
926 360 966 392 ⁶4
996 360 1324 416 potentissimae
1358 360 1634 416 judicantur,

151 433 388 477 clementia
429 438 477 476 et
508 433 777 475 liberalitate
792 430 828 462 ⁶5
870 430 1255 481 instructissimus,
1289 433 1461 472 tantum
1493 430 1637 474 non⁶⁶

150 501 197 543 in
231 502 433 544 eculeom
464 502 522 544 ab
559 501 913 547 Atheniensibus
944 500 1182 555 impositus
1217 504 1315 542 est:
1355 498 1436 542 sed
1449 498 1485 532 ⁶⁷
1516 505 1635 543 certe

151 575 259 626 post
278 571 454 614 obitum
473 571 646 613 nullam
668 570 838 614 Atticae
859 570 1072 625 regionis,
1091 582 1195 626 quae
1217 569 1400 612 ossibus
1420 568 1518 625 ejus
1538 568 1637 625 inji-

152 644 339 692 ceretur,
361 640 586 695 glebulam
606 640 805 694 invenit;
831 640 995 703 jussus
1028 645 1161 683 extra
1181 638 1296 682 fines
1315 638 1498 695 projici,
1518 638 1639 682 intra

152 722 272 764 quos
306 709 503 764 optimus
537 709 653 752 civis
684 710 908 752 vixeram
969 708 1095 762 Quid
1133 709 1262 752 abest
1275 707 1311 735 ⁶⁸
1343 709 1492 764 igitur,
1528 708 1638 764 quin

152 778 339 834 publica
359 778 586 821 dementia
616 779 675 822 sit
695 778 1018 831 existimanda,
1040 792 1217 824 summo
1248 791 1471 821 consensu
1493 778 1640 820 maxi-

154 860 255 892 mas
272 847 475 898 virtutes,
496 847 630 903 quasi
649 847 919 902 gravissima
935 847 1116 898 delicta,
1138 847 1312 903 punire,
1333 845 1640 902 beneficiaque

155 914 383 973 injuriis⁶⁹
411 916 687 972 rependere?
749 916 887 970 Quod
908 931 1010 959 cum
1032 917 1216 972 ubique,
1232 921 1329 959 tum
1341 921 1380 949 ⁷0
1408 917 1641 973 praecipue

156 1091 244 1121 vett.
260 1087 449 1130 confugere5
474 1088 586 1122 Bitur.
602 1091 635 1123 1.
656 1087 836 1131 profugere.
884 1088 1022 1121 Deinde
1034 1088 1134 1122 Leid.
1151 1092 1183 1122 7.
1210 1099 1274 1131 pro
1298 1099 1331 1122 v.
1348 1089 1371 1121 l.
1396 1088 1642 1122 habuerit—64

156 1131 215 1164 lta
230 1133 353 1172 Cauno.
368 1131 492 1166 Atreb.
514 1133 646 1167 Braud.
662 1137 692 1166 1.
706 1136 740 1166 2.
758 1139 896 1166 veteres
912 1133 1035 1175 Lipsii‚
1062 1133 1171 1166 Basil.
1189 1139 1225 1166 et
1242 1134 1341 1166 multi
1356 1134 1503 1166 Torren.
1525 1135 1567 1165 ad
1585 1144 1644 1176 pa-

155 1175 302 1208 riendum
316 1176 474 1209 hominum
485 1187 587 1218 genus
603 1177 717 1210 Pulni.
732 1183 766 1210 et
789 1177 866 1210 Sus.
887 1178 928 1209 ad
953 1178 1136 1219 periendum
1160 1177 1320 1210 hominum
1332 1187 1433 1218 genus
1460 1177 1591 1222 Medic.
1608 1181 1640 1210 2.

155 1220 197 1251 ad
210 1220 395 1261 patiendum
409 1220 568 1253 hominem
582 1220 721 1254 Winck.
743 1222 785 1253 ad
798 1221 985 1263 pariendum
998 1221 1144 1253 honorem
1160 1221 1244 1254 Vet.
1262 1221 1368 1254 Aldd.
1397 1221 1518 1254 Chalc.
1547 1221 1644 1261 Lips.

158 1265 231 1296 1.2.
249 1268 286 1295 et
302 1263 412 1305 Lugd.
436 1265 478 1296 ad
491 1266 676 1306 paciemlum
691 1266 847 1298 nonnulli
871 1265 975 1297 codd.
1002 1266 1163 1298 Perizon.
1189 1266 1248 1307 qui
1275 1266 1369 1308 conj.
1395 1266 1436 1297 ad
1459 1264 1645 1307 capiendum

159 1305 330 1345 hominem,
352 1307 492 1349 legens:
521 1308 661 1341 Phocion
683 1319 757 1341 vero
781 1319 842 1341 non
869 1309 920 1341 his
945 1310 978 1341 d.
1024 1310 1106 1345 Quoe
1122 1321 1153 1342 α.
1169 1310 1354 1351 capiendum
1370 1308 1527 1341 hominem
1540 1319 1574 1350 p.
1587 1311 1642 1340 Ιια-

158 1350 284 1389 beatur,
316 1352 370 1382 sed
395 1351 573 1393 eloquentia
598 1356 628 1384 et
660 1352 876 1394 integritate,⁸
898 1353 968 1393 vel,
992 1353 1134 1385 Phocion
1154 1363 1227 1385 vero
1251 1363 1312 1385 non
1337 1353 1387 1385 his
1401 1352 1540 1393 dotibus,
1557 1363 1588 1394 q.
1604 1353 1646 1384 ad

157 1394 341 1435 capiendum
357 1394 513 1427 hominem
528 1408 560 1437 μ.
573 1395 605 1436 J'.
621 1397 675 1428 sed
689 1397 879 1437 integritate
901 1396 1177 1430 instructissimus.
1226 1396 1324 1429 Idem
1347 1397 1440 1438 conj.
1469 1397 1576 1428 etiam
1603 1397 1646 1428 od

154 1438 368 1479 purcmdum:
391 1439 540 1471 Torren.
563 1441 604 1472 ad
617 1441 804 1482 pariendum
819 1450 956 1473 amorem
972 1440 1143 1473 hominum.
1191 1441 1374 1482 ‘Pighius,
1397 1450 1499 1483 quem
1525 1449 1646 1472 omnes

157 1480 314 1513 editores
330 1483 442 1514 secuti
458 1488 554 1523 sunt,
566 1485 671 1516 etiam
686 1485 872 1516 'rorrenius
889 1494 931 1516 ex
947 1493 1044 1516 mera
1060 1485 1285 1526 conjectura:
1301 1486 1342 1516 nd
1356 1486 1532 1526 pacandum
1546 1484 1647 1516 homi-

157 1534 230 1556 nem
245 1524 281 1556 in
296 1529 430 1557 textum
447 1533 670 1569 receperunt.
717 1528 793 1569 Ego
810 1537 892 1559 vero
908 1538 1063 1560 mearum
1081 1529 1230 1569 partium
1246 1539 1322 1560 esse
1344 1528 1443 1569 duxi,
1459 1528 1648 1560 lectionem

159 1573 215 1600 tot
237 1568 324 1601 Mas.
350 1568 536 1612 firmatam,
562 1570 707 1604 Valerio
731 1571 922 1612 vindicare,
945 1573 1123 1614 praecipue
1150 1573 1232 1614 quia
1253 1571 1357 1604 facile
1374 1572 1560 1604 intellectu
1581 1577 1651 1613 est,

159 1611 361 1644 inusitatam
380 1613 518 1654 phrasin
540 1614 551 1632 ⁴
569 1624 693 1656 parere
707 1614 905 1656 hominem,'
930 1625 993 1656 pro
1017 1615 1211 1647 ‘hominnm
1237 1616 1385 1656 gratiam
1412 1615 1479 1648 sibi
1507 1615 1649 1648 concili-

160 1654 245 1696 are,’
270 1665 389 1688 ansam
407 1656 546 1689 dedisse
562 1658 717 1690 mutandi
737 1663 885 1691 textum.
925 1658 1013 1692 Quis
1039 1669 1120 1691 vero
1145 1659 1210 1691 sibi
1239 1659 1464 1701 persuadeat,
1485 1659 1649 1691 librarios

159 1700 276 1741 aptius
293 1700 436 1732 verbum
452 1701 650 1743 capiendum,
673 1702 764 1744 quod
782 1702 984 1735 Perizonius
1008 1702 1160 1742 volebat,
1173 1703 1372 1744 placandum,
1396 1702 1487 1745 quod
1503 1702 1648 1735 Vorstio

160 1742 308 1784 placuit,
332 1744 384 1776 vel
398 1746 586 1785 pacandum,
609 1745 701 1787 quod
719 1746 834 1787 Pighii
846 1746 1060 1787 conjectura»
1076 1745 1403 1786 debetur-‚mutasse
1420 1747 1455 1778 in
1472 1744 1650 1779 difficilius

160 1786 350 1828 duriusque
376 1787 596 1828 pariendum?
632 1789 839 1830 Kapp.—65
876 1789 935 1822 Ita
947 1790 993 1821 ‘in
1020 1790 1179 1822 omnibus
1207 1790 1347 1832 scriptis
1374 1795 1412 1822 et
1436 1790 1541 1822 editis
1566 1795 1649 1822 ante

161 1830 322 1866 Pighium
340 1830 482 1872 legitur,
504 1832 597 1874 quod
613 1841 696 1873 ergo
711 1833 900 1865 Tor-venius
917 1838 1015 1866 recte
1033 1834 1211 1865 revocavit
1234 1843 1297 1874 pro
1322 1834 1499 1875 eloquentia
1521 1836 1553 1866 et
1567 1833 1649 1866 inte-

156 1873 293 1914 gritate,
314 1874 407 1916 quod
422 1876 634 1908 auctoritate
651 1876 749 1908 unius
766 1877 889 1918 Cauip.
904 1877 1134 1909 substituerat
1151 1877 1399 1919 Pighius.--66
1423 1878 1495 1910 Pro
1524 1880 1650 1910 tantum

159 1927 222 1949 non
248 1916 352 1950 codd.
380 1918 531 1961 quinque
559 1919 694 1952 babent
716 1921 759 1952 ad
785 1924 931 1957 tantum
955 1920 1079 1953 decem
1094 1930 1172 1953 cum
1189 1921 1294 1953 editis
1310 1926 1393 1954 ante
1410 1921 1571 1954 Celerum
1588 1931 1652 1953 non

162 1962 388 1994 tantum-67
412 1961 544 1995 Medic.
562 1966 593 1995 1.
620 1963 735 1996 Bitur.
753 1966 782 1997 1.
812 1964 985 2006 Ultraj.l.
1011 1964 1137 2004 Copes.
1155 1969 1192 1997 et
1219 1964 1316 1997 Leid.
1333 1969 1365 1997 5.
1391 1965 1559 1997 omittunt
1584 1966 1652 2006 sed,

162 2003 393 2044 probantibus
418 2006 563 2039 Torren.
589 2011 626 2039 et
648 2007 768 2049 Kapp.
786 2007 886 2040 Harl.
901 2009 1028 2050 Copes.
1047 2008 1177 2040 Medic.
1194 2011 1228 2040 2.
1245 2013 1282 2041 et
1298 2009 1412 2041 Bitur.
1428 2011 1460 2041 1.
1488 2013 1566 2050 post
1584 2007 1652 2040 obi-

161 2052 230 2079 tum
245 2047 381 2080 addunt
396 2047 563 2088 qiua—68
589 2050 644 2083 lta
660 2061 779 2083 omnes
795 2051 898 2084 codd.
915 2057 952 2084 et
968 2051 1051 2083 edd.
1079 2057 1161 2084 ante
1187 2052 1364 2094 Pigliium‚
1390 2052 1449 2095 qui
1476 2051 1625 2084 dederat
1641 2063 1651 2084 :

165 2090 252 2139 Quid
266 2091 453 2124 obesa—69
475 2093 608 2126 Medic.
624 2097 656 2127 2.
681 2094 900 2138 beneficiisque
925 2095 1061 2136 injurius
1075 2106 1089 2133 ,·
1112 2096 1240 2137 copes.
1262 2100 1301 2128 et
1324 2096 1431 2128 Barb.
1446 2098 1476 2129 1.
1499 2095 1652 2138 beneficia

161 2133 303 2176 majoriis,
320 2135 439 2168 deleta
455 2137 682 2179 copulam—70
704 2139 868 2182 Quinque
884 2138 990 2172 codd.
1006 2139 1151 2172 Torren.
1169 2149 1248 2172 cum
1263 2140 1347 2172 Vet.
1363 2145 1401 2173 et
1410 2139 1506 2182 Mog.
1520 2143 1628 2172 tamen
1639 2151 1652 2178 ‚-

829 2224 974 2259 NOTAE

164 2287 332 2329 gratiosus
354 2287 539 2322 admodum
565 2289 643 2325 fnit.
686 2290 878 2334 Aliquanto
935 2292 1112 2325 Nobilitas
1137 2292 1347 2334 Cassandro,
1376 2293 1524 2336 populus
1545 2293 1652 2335 Poly-

164 2343 246 2379 post
262 2343 380 2380 epoto,
407 2340 462 2372 vel
486 2341 624 2374 taurino
641 2343 823 2385 sanguine,
839 2348 879 2376 ut
934 2345 1138 2386 sperchonti
1165 2345 1314 2385 faveret,
1341 2350 1379 2378 ut
1401 2345 1474 2388 jam
1491 2345 1654 2385 diximus,

166 2390 287 2430 placet
325 2389 496 2432 Diodoro,
534 2393 603 2434 vel,
633 2398 670 2426 ut
703 2394 878 2426 nonnullis
934 2403 1118 2431 accusatus
1149 2399 1320 2440 Phocion,
1355 2398 1449 2442 qnod
1485 2398 1653 2431 Nicanori

163 2440 255 2481 apud
269 2441 520 2484 Thucydidem,
532 2453 680 2486 veneno,
693 2454 737 2477 ne
750 2444 877 2478 bellum
935 2450 1098 2490 Pyraeum
1114 2450 1339 2492 prodidisset.
1371 2449 1651 2492 Polysperchon-

165 2490 297 2524 inferre
335 2493 458 2534 patriae
488 2500 697 2536 cogeretur;
737 2498 806 2535 vel,
840 2502 880 2530 ut
935 2500 1022 2533 tisne
1043 2501 1157 2543 jussu,
1180 2511 1223 2533 an
1240 2511 1351 2540 secus,
1379 2501 1577 2540 incertum3
1600 2504 1653 2532 to·

163 2542 272 2574 tradit
287 2544 364 2584 ipse
387 2544 623 2587 Thucydides,
649 2547 738 2589 quod
765 2549 879 2581 verius
935 2552 1004 2584 tius
1020 2558 1118 2584 certe
1135 2553 1254 2594 populi
1283 2551 1457 2593 suffragiis
1482 2560 1559 2582 cum
1577 2550 1652 2583 aliis

167 2598 300 2634 putem,
316 2595 434 2627 morbo
451 2596 613 2630 decessit.
935 2603 1132 2644 damnatus,
1147 2608 1252 2644 epota
1268 2603 1302 2635 in
1320 2611 1463 2634 carcere
1478 2610 1574 2634 more
1590 2611 1651 2644 pa-

211 2647 225 2677 †
249 2644 319 2677 An.
337 2646 387 2677 M.
414 2649 511 2680 3590.
559 2648 618 2682 Ol.
641 2652 694 2682 79.
712 2653 742 2682 1.
790 2650 880 2684 Urb.
936 2655 1002 2686 trio
1018 2654 1134 2687 cicuta
1157 2654 1304 2694 interiit,
1319 2664 1466 2696 ossaque
1488 2653 1580 2686 illius
1592 2663 1652 2687 ex-

167 2693 207 2725 C.
221 2697 299 2726 289.
339 2695 421 2729 Ant.
439 2698 503 2730 Ch.
519 2701 597 2732 463.
936 2714 992 2739 tra
1003 2706 1090 2738 fines
1106 2706 1234 2738 Atucae
1252 2706 1392 2738 aservis
1410 2706 1579 2749 projecta.

213 2750 235 2765 “¹
262 2746 396 2779 Tantum
411 2759 471 2781 non
488 2750 520 2781 in
536 2751 654 2793 eculeo]
671 2752 787 2786 Aliter
797 2753 879 2786 Plu·
981 2763 996 2795 τ
1020 2757 1089 2789 Αη.
1103 2757 1154 2789 M.
1171 2759 1267 2789 3736.
1292 2757 1351 2790 Ol.
1369 2760 1444 2791 115.
1456 2759 1487 2791 3.
1510 2757 1596 2791 Urb.
1610 2757 1650 2790 C.

170 2798 307 2830 tarchus
338 2806 374 2832 et
404 2802 560 2835 AEiuilius
587 2805 735 2838 Probus.
792 2807 879 2839 Cum
934 2810 1013 2840 435.
1050 2807 1135 2839 Ant.
1151 2808 1213 2840 Cb.
1230 2811 1305 2840 317.
