1878 3132
574 202 683 233 car.
702 200 778 232 111.
811 200 876 232 nn
906 199 1240 231 sssvssssi'rATss.
1558 187 1647 231 615

166 299 271 345 „aek
315 300 513 344 omnium
545 298 825 344 Albanorum
856 298 1020 348 victor,
1049 311 1151 341 cum
1185 311 1246 340 ex
1280 298 1358 340 iila
1391 297 1646 340 clarissima

165 371 267 415 acie
287 370 467 414 domum
489 374 696 426 repetens
711 381 915 411 sororem
929 380 1056 410 suam
1074 366 1288 421 virginem
1305 365 1493 409 Curiatii
1510 380 1645 422 spon-

165 440 207 484 si
227 445 409 484 mortem
429 439 676 496 profusiuS,
699 451 836 494 quam
857 438 934 480 illa
957 443 1073 480 aetas
1085 442 1120 469 ³⁷
1149 436 1360 488 debebat,
1381 435 1558 479 flentem
1578 436 1645 479 vi-

167 509 324 561 disset,
356 509 522 564 gladio,
551 522 641 564 quo
679 507 838 563 patriae
873 520 966 550 rem
1000 507 1113 549 bene
1146 509 1360 561 gesserat,
1394 503 1647 548 interemitz¹

164 591 322 635 parum
342 578 535 635 pudicas
556 582 680 620 ratus
701 578 941 634 lacrymas,
963 590 1067 633 quae
1089 588 1379 632 praepropero
1406 575 1547 617 amori
1567 575 1647 618 da-

164 647 338 690 bantur.
401 647 547 700 Quem
578 647 666 690 hoc
698 647 877 689 nomine
910 660 1030 688 reum
1067 645 1187 701 apud
1223 644 1444 700 populum
1478 648 1644 695 actum,

164 720 291 773 pater
321 716 530 760 defendit.
591 716 666 758 Ita
696 716 838 771 paulo
868 716 1134 771 propensior
1167 715 1344 757 animus
1383 714 1550 770 puellae
1585 714 1648 756 ad

163 786 423 829 memoriam
443 786 580 829 futuri
607 785 704 837 viri,
725 791 773 828 et
801 784 980 828 fratrem
1011 783 1200 826 ferocem
1221 783 1461 835 vindicem,
1483 787 1530 826 et
1551 783 1647 826 vin-

165 853 302 899 dictae
317 854 349 886 ³⁸
379 861 471 898 tam
493 855 686 910 rigidum
707 867 988 897 assensorem
1010 858 1223 909 patremm
1252 849 1443 896 habuit?

219 926 262 969 7.
291 924 528 968 Consimili
548 924 784 967 severitate
814 928 1001 966 senatus
1034 931 1190 979 postea
1220 937 1351 975 usuS,
1375 923 1454 979 Sp.
1478 922 1643 967 Postu-

164 994 256 1040 mio
276 993 461 1045 Albino,
493 998 538 1038 et
558 999 592 1027 ³⁹
621 992 682 1046 Q.
704 993 884 1036 Marcio
919 992 1135 1048 Philippo
1171 992 1430 1035 consulibus
1462 991 1645 1034 manda-

163 1063 245 1116 vit,
277 1067 327 1108 ut
360 1063 416 1107 de
446 1063 534 1116 his,
569 1076 672 1119 quae
703 1062 846 1105 sacris
882 1062 1266 1105 Bacchanalium¹¹
1297 1063 1470 1105 inceste
1497 1075 1593 1105 usae
1606 1067 1646 1094 ⁴⁰

778 1174 1002 1187 ‘mm
1006 1174 1025 1187 Ο

162 1250 327 1292 interfecti
341 1255 585 1295 sponsam—37
610 1251 754 1286 Colerus
770 1253 896 1295 legerit
910 1253 968 1285 illu
982 1253 1086 1295 pietas
1101 1251 1253 1293 improb.
1266 1252 1412 1284 Torren.
1430 1255 1467 1284 et
1484 1252 1646 1294 Kapp.—

163 1299 206 1331 88
230 1297 356 1339 Copes.
371 1297 520 1329 vindicta·
543 1297 772 1329 omittit.—39
799 1297 840 1329 In
866 1297 1039 1329 nonnuliis
1062 1296 1164 1328 deest
1178 1300 1232 1335 εἰς
1255 1296 1290 1328 in
1307 1296 1383 1328 aliis
1405 1297 1537 1333 Q.—40
1562 1295 1643 1330 ‘Sic

164 1341 304 1387 reposui
331 1342 544 1374 auctoritate
566 1342 748 1386 utriusque
779 1341 871 1375 Ultr.
895 1341 994 1374 Leid.
1017 1340 1130 1384 quint.
1153 1341 1249 1384 Mog.
1265 1345 1304 1373 et
1324 1341 1406 1373 Vet.
1439 1340 1517 1373 Nec
1540 1340 1644 1378 aliter

824 1439 982 1474 NOTAE‘

202 1517 220 1541 ἱ
244 1519 433 1551 conditione
457 1518 590 1561 pugnoe]
629 1519 708 1553 Qua
738 1516 873 1550 ratione

159 1579 215 1604 res
238 1575 340 1613 gesta
368 1570 427 1611 sit,
450 1571 570 1612 paucis
599 1570 735 1612 accipe.
782 1568 873 1601 Orto

927 1521 966 1550 ut
981 1527 1152 1560 quemque
1169 1518 1311 1550 vnlnere
1327 1517 1491 1551 affectum
1516 1529 1642 1561 corpus

927 1568 1020 1601 sinit.
1066 1569 1115 1601 Ut
1142 1569 1231 1602 vidit
1255 1570 1422 1602 Horatius
1435 1580 1495 1603 eos
1512 1571 1643 1612 magnis

161 1622 338 1655 Romanos
354 1622 447 1654 inter
463 1626 499 1654 et
516 1620 670 1654 Albanos
682 1620 788 1662 beno,
796 1620 872 1662 jam

160 1675 342 1707 instructae
380 1673 556 1716 utrimque
593 1673 733 1706 stabant
767 1672 872 1714 acies,

160 1735 240 1760 cum
288 1725 420 1758 Metius
458 1723 674 1757 Albanorum
711 1724 874 1756 Dictator

159 1781 284 1811 auctor
307 1782 361 1809 est
383 1776 486 1809 'runo
509 1777 739 1809 Romanorum
770 1775 872 1818 Regi,

159 1833 199 1862 ut
223 1828 360 1861 ineatur
387 1828 506 1871 aliqua
527 1827 595 1870 via,
609 1838 679 1871 qua
694 1828 763 1861 utri
785 1829 872 1861 utris

157 1880 345 1924 imperent,
372 1880 447 1912 sine
471 1880 580 1913 multo
603 1878 770 1922 sanguine
786 1880 871 1913 utri-

157 1941 264 1975 usque
281 1932 398 1975 popuii
416 1931 568 1964 discerni
591 1932 714 1974 possit.
758 1932 866 1964 Forte

157 1983 192 2016 in
216 1982 350 2016 duobus
365 1983 578 2016 exercitibus
594 1988 693 2016 erant
707 1983 869 2026 tergemi-

159 2033 195 2067 ni
210 2033 352 2075 fratres,
371 2044 436 2067 nec
453 2040 559 2067 aetate
575 2045 640 2067 nec
657 2035 786 2068 viribus
801 2035 869 2068 dis-

157 2095 275 2128 pares,
299 2087 440 2120 Horatii
462 2091 501 2120 et
522 2087 692 2129 Curiatii;
718 2088 753 2121 hi
777 2089 870 2130 apud

157 2137 326 2180 Albanos,
352 2138 445 2180 apud
474 2138 653 2172 Romanos
681 2139 753 2173 ini:
791 2150 870 2173 cum

156 2188 208 2221 bis
223 2195 332 2231 agunt
351 2189 477 2231 Reges,
502 2195 542 2222 ut
558 2199 621 2232 pro
634 2200 697 2223 sua
723 2190 870 2234 quisque

157 2241 272 2282 patria
289 2240 455 2273 dimicent
486 2239 592 2282 ferro,
615 2241 666 2274 ibi
685 2241 868 2285 imperium

157 2288 234 2324 fore
273 2291 365 2324 unde
412 2292 559 2325 victoria
600 2291 718 2326 fuerit.
773 2294 868 2327 Nihil

156 2348 350 2383 recusatur,
364 2343 462 2376 locus
477 2350 513 2376 et
529 2349 664 2386 tempus
680 2345 867 2378 convenit:

155 2394 227 2427 icto
243 2394 372 2427 foedere
396 2395 574 2436 tergemini
597 2405 690 2428 arma
713 2397 869 2439 capiunt,

155 2446 258 2479 datur
269 2447 416 2488 signum,
431 2452 640 2480 concurrunt
665 2447 800 2480 infestis
815 2459 870 2481 ar·

155 2498 233 2539 mis,
243 2499 483 2541 consertisque
495 2498 651 2531 manibus
661 2499 730 2532 duo
744 2500 868 2532 Roma-

155 2549 191 2582 ni
205 2550 293 2582 alius
305 2560 410 2591 super
427 2551 531 2582 alium
547 2550 736 2583 vulneratis
752 2551 864 2585 tribus

155 2599 300 2633 Albanis
311 2602 511 2643 expirantes
527 2606 704 2636 corruunt.
739 2602 866 2645 Super·

156 2656 228 2684 stes
254 2653 422 2685 Horatius
452 2653 542 2686 forte
570 2654 706 2696 integer
727 2653 805 2696 suit,
828 2659 867 2688 ut

155 2703 326 2736 universis
360 2705 451 2737 soius
474 2714 691 2748 nequaquam
718 2716 794 2748 par,
815 2706 866 2739 sic

154 2753 322 2787 adversus
346 2755 498 2797 singulos
528 2755 648 2789 ferox:
671 2767 779 2800 quare
809 2767 866 2790 ca-

156 2805 265 2846 pessit
300 2804 429 2848 fugam,
458 2807 608 2841 Curiatii
627 2808 868 2853 insequuntur,

926 1619 1118 1652 intervallis
1141 1626 1344 1663 sequentes,
1373 1622 1565 1663 proximum
1591 1621 1643 1654 in-

927 1670 1039 1712 vadit,
1065 1671 1185 1714 sicque
1213 1678 1400 1715 antequam
1427 1674 1517 1705 alter
1540 1673 1644 1706 alteri

929 1723 1059 1755 auxilio
1075 1732 1152 1755 esse
1169 1725 1292 1766 possit,
1309 1734 1413 1757 unum
1429 1730 1465 1757 et
1481 1725 1644 1767 alterum,

929 1774 1055 1807 deinde
1073 1776 1217 1808 tertium
1243 1781 1381 1818 aequato
1408 1782 1519 1809 marte
1536 1775 1642 1809 confi-

928 1826 990 1860 cit.
1034 1826 1092 1859 Ita
1105 1824 1182 1859 fere
1196 1827 1324 1860 Livius.

971 1875 978 1898 ¹
1003 1877 1190 1920 Interemit]
1213 1879 1304 1911 Dum
1324 1878 1491 1913 flebiliter
1510 1885 1642 1914 mortu-

929 1938 987 1961 um
1012 1938 1174 1970 sponsum
1201 1931 1369 1972 appellat,
1385 1932 1507 1964 stricto
1528 1933 1644 1965 Hora-

928 1982 998 2014 tius
1026 1982 1143 2024 g'Iadio
1180 1983 1281 2015 simui
1307 1983 1420 2016 verbis
1454 1985 1641 2027 increpans

925 2033 1101 2077 transfigit
1129 2035 1292 2077 puellam.
1337 2035 1431 2068 ‘Abi
1457 2036 1537 2070 hinc
1562 2047 1641 2070 cum

928 2088 1112 2120 immaturo
1126 2096 1242 2118 amore
1255 2087 1299 2119 ad
1312 2087 1500 2129 sponsum,'
1515 2088 1643 2131 inquit,

925 2138 936 2156 ‘
947 2138 1056 2171 oblita
1071 2137 1219 2170 fratrum
1241 2143 1469 2182 mortuorunm,
1488 2140 1641 2183 vivique,

925 2189 1034 2222 oblita
1051 2189 1174 2231 patrioe
1189 2200 1198 2221 ε
1228 2189 1277 2222 sic
1290 2190 1394 2222 abeat
1410 2200 1641 2235 quaecumque

926 2241 1080 2273 Romana
1102 2239 1238 2282 lugebit
1249 2241 1410 2274 hostem!

967 2296 991 2314 ¹¹²
1013 2293 1214 2325 Assensorem
1233 2292 1374 2334 patrem]
1400 2293 1593 2327 Damnatus
1618 2304 1639 2328 a

925 2345 1127 2379 Duumviris
1146 2345 1313 2379 Horatius
1329 2347 1371 2380 ad
1392 2349 1560 2390 populum
1577 2358 1638 2390 ap-

924 2398 1033 2441 pellat
1050 2408 1059 2430 :
1076 2401 1148 2430 tum
1163 2402 1264 2440 pater
1279 2397 1382 2431 filiam
1399 2400 1481 2441 jure
1511 2409 1637 2431 caesam

918 2449 1073 2492 judicat,
1089 2454 1234 2492 oratque
1249 2459 1294 2482 ne
1314 2459 1350 2482 se
1376 2450 1497 2482 orbum
1514 2450 1635 2483 liberis

923 2499 1092 2534 facerent.

964 2552 984 2571 '¹
1006 2551 1075 2585 An.
1100 2553 1151 2585 M.
1166 2555 1266 2586 3385.
1291 2553 1352 2587 01.
1366 2556 1420 2586 2⁷.
1434 2556 1468 2586 Δ.
1491 2553 1579 2586 Urb.
1595 2555 1637 2588 C.

920 2606 974 2637 84.
989 2604 1072 2637 Ant.
1085 2605 1148 2637 Ch.
1164 2607 1240 2638 668.

980 2660 996 2678 ¹²
1027 2655 1138 2688 Sacris
1176 2656 1444 2699 Bacchanalium]
1479 2657 1634 2692 Consule

920 2706 979 2739 lib.
991 2716 1016 2738 1.
1042 2717 1072 2739 c.
1089 2709 1119 2738 3.
1140 2716 1174 2739 n.
1191 2708 1223 2738 1.
1240 2706 1299 2739 ubi
1322 2706 1388 2741 hoc
1404 2708 1559 2750 pluribus
1574 2719 1633 2742 ex-

919 2758 1114 2801 plicuimus.
