1878 3132
259 150 345 194 790
642 159 852 192 VALERII
887 160 1080 192 MAXIMI
1113 162 1207 193 Lm.
1242 162 1346 194 vm.

262 257 458 299 tudinem
478 255 625 312 operis
647 255 934 300 alibidinos'o
954 256 1186 311 cujusdam
1210 258 1453 313 complexu
1473 272 1626 314 pamm
1648 265 1722 304 tu-

261 329 366 368 tam.
425 324 531 377 Quo
552 325 857 368 excusabilior
885 329 955 367 est
985 329 1152 367 error¹4
1180 326 1298 380 equi,
1319 325 1396 381 qui
1416 327 1516 370 visa
1543 328 1724 383 pictura

260 406 404 448 equae,
424 393 641 436 hinnitum
669 393 798 437 edere
826 398 1011 436 coactus
1043 396 1135 436 est:
1167 399 1212 436 et
1240 407 1402 436 canum
1431 395 1617 438 latratus
1647 408 1729 439 as-

260 465 398 515 pectu
433 462 572 517 pictae
587 466 619 492 ¹⁵
649 463 772 504 canis
806 461 1045 504 incitatus:
1077 467 1318 518 taurusque
1359 462 1417 505 ad
1450 475 1645 506 amorem
1674 468 1725 505 et

261 530 539 573 concubitum
565 544 703 573 aeneae
722 544 876 573 vaccae
907 531 1146 586 Syracusis
1171 532 1320 575 nimiae
1341 531 1645 574 similitudinis
1663 531 1722 573 ir-

258 596 494 641 ritamento
515 600 787 654 compulsus.
837 598 961 650 Quid
980 599 1100 641 enim
1115 611 1259 642 vacua
1275 600 1456 641 rationis
1470 599 1676 642 animalia
1689 597 1726 625 ¹⁶

260 670 356 707 arte
383 666 579 722 decepta
608 668 829 718 miremur,
855 681 958 710 cum
986 667 1180 710 hominis
1210 668 1475 722 sacrilegam
1504 667 1725 723 cupidita-

260 736 351 776 tem
369 736 480 777 muti
498 736 663 790 lapidis
682 736 961 781 lineamentis
979 736 1219 778 excitatam
1238 735 1470 777 videamus
1482 736 1502 777 'l

317 803 358 845 5.
390 802 644 845 Ceterum¹⁷
672 807 826 846 natura.
855 803 1232 859 quemadmodum
1260 817 1569 859 saepenumero
1587 817 1728 847 aemu-

259 871 349 912 lam
370 872 531 914 virium
562 885 743 914 suarum
773 875 910 915 artem
942 886 1046 915 esse
1075 873 1257 928 patitur,
1279 873 1345 914 ita
1373 872 1611 927 aliquando
1627 873 1728 916 irri-

259 942 351 981 tam
370 939 489 982 fesso
509 941 664 983 labore
685 941 892 983 dimittit:
921 940 1042 996 quod
1070 940 1233 983 summi
1259 940 1440 982 artificis
1460 939 1726 995 Euphrano-

259 1007 321 1049 ris
335 1006 353 1031 ¹¹
382 1022 542 1051 manus
563 1012 810 1051 senserunt.
868 1008 1006 1059 Nam,
1028 1021 1126 1051 cum
1148 1006 1343 1050 Athenis
1365 1019 1458 1050 xn.
1480 1008 1606 1051 Deos
1626 1009 1725 1063 pin-

260 1079 397 1128 geret,
435 1077 636 1132 Neptuni
674 1078 910 1132 imaginem
950 1090 1083 1132 quam
1122 1081 1293 1132 poterat
1331 1076 1726 1119 excellentissimis

259 1143 509 1199 majestatis
547 1145 770 1188 coloribus
809 1146 1074 1201 complexus
1114 1151 1201 1196 est,
1233 1145 1417 1200 perinde
1449 1157 1504 1187 ac
1517 1145 1551 1170 ¹⁸
1579 1145 1725 1195 Jovis,

260 1213 494 1268 aliquanto
516 1215 813 1269 augustiorem
835 1217 1246 1269 repraesentaturus.
1307 1213 1396 1255 Sed
1414 1214 1535 1255 omni
1553 1214 1724 1269 impetu

261 1280 550 1334 cogitationis
584 1283 629 1324 in
659 1282 881 1336 superiori
912 1294 1045 1336 opere
1077 1282 1299 1333 absumto,
1327 1281 1594 1336 posteriores
1627 1283 1726 1339 ejus

261 1351 447 1391 conatus
467 1363 716 1404 assurgere,
737 1364 828 1405 quo
847 1350 1101 1401 tendebant,
1123 1350 1431 1405 nequiverunt.

317 1417 359 1459 6.
391 1416 513 1468 Quid
534 1416 632 1459 illei
663 1419 771 1460 alter
792 1432 918 1473 aeque
933 1418 1102 1460 nobilis
1120 1419 1282 1473 pictor,
1295 1419 1549 1461 luctuosum
1568 1418 1727 1463 immo-

259 1485 365 1528 latae
387 1485 655 1542 Iphigeniaej
688 1487 954 1530 sacrificium
974 1486 1182 1537 referenS,
1200 1501 1303 1529 cum
1323 1483 1597 1530 Calchanta¹¹
1624 1487 1726 1531 tris-

877 1604 1115 1617 eeeeeeeeeeee

261 1675 348 1707 tales
365 1676 588 1718 repetitiones
603 1677 757 1719 ejusdem
779 1677 889 1720 verbi,
904 1683 942 1711 ut
953 1678 1135 1710 Torrenius
1157 1677 1453 1711 observavit.-l4
1469 1678 1551 1710 Par.
1574 1680 1606 1710 3.
1621 1677 1729 1711 Barb.

262 1720 296 1751 1.
319 1723 355 1751 et
373 1720 472 1752 Leid.
488 1724 521 1753 5.
541 1725 620 1753 esset
634 1731 743 1759 error;
763 1721 891 1764 Ultraj.
907 1724 939 1755 1.
960 1721 1004 1754 sit
1018 1725 1204 1754 erran—15
1226 1722 1236 1739 ‘
1250 1721 1347 1754 Leid.
1364 1731 1431 1754 sec.
1444 1721 1528 1763 picta
1542 1731 1606 1763 pro
1618 1722 1730 1762 pictae,

260 1767 301 1793 ut
316 1763 403 1795 solet
417 1763 476 1795 ille
491 1774 554 1806 pro
569 1775 598 1796 ιε
619 1764 749 1797 habere
762 1776 779 1797 e
794 1765 951 1806 simplex.
995 1765 1119 1806 Itaque
1134 1774 1211 1796 cum
1234 1764 1289 1797 hic
1303 1769 1425 1805 agatur
1446 1764 1491 1796 de
1513 1764 1731 1803 animalibus,

261 1814 336 1846 quae
354 1811 496 1847 aspectu
513 1807 682 1848 pictarum
699 1809 752 1840 sui
768 1809 905 1850 generis
922 1807 1138 1840 foeminarum
1161 1808 1193 1838 in
1212 1817 1370 1839 venerem
1387 1812 1468 1839 sunt
1483 1817 1639 1846 accensa,
1662 1807 1727 1839 hoc

262 1848 349 1880 adeo
365 1859 481 1881 verum
498 1850 659 1892 arbitror,
675 1855 714 1883 ut
730 1852 916 1883 restituere
941 1861 1006 1883 non
1023 1849 1200 1883 dubitem.'
1222 1851 1352 1882 Torren.
1395 1850 1492 1891 Mog.
1509 1860 1585 1883 cum
1601 1849 1728 1892 Ultraj.

260 1893 294 1923 2.
309 1892 404 1933 pictoe
416 1893 560 1934 omittit,
574 1894 618 1926 ob
634 1894 893 1927 similitudinem
907 1894 1043 1927 scilicet
1053 1895 1229 1926 literarum
1244 1897 1335 1935 pecta
1349 1894 1383 1925 in
1399 1897 1537 1934 aepectu,
1547 1898 1587 1926 nt
1601 1893 1728 1935 saepius

260 1932 302 1966 fit
316 1935 351 1966 in
367 1935 468 1969 codd.
514 1937 632 1970 Ceteri
647 1948 764 1970 omnes
778 1938 908 1970 habent
919 1938 1101 1979 pieta—16
1125 1937 1181 1969 lta
1196 1937 1362 1977 Pighius3
1388 1938 1502 1977 plures
1525 1936 1627 1969 codd.
1651 1945 1730 1968 cum

262 1977 342 2010 edd.
363 1984 450 2012 vett.
473 1980 749 2014 animantia—17
772 1981 843 2013 Hic
868 1985 948 2012 ante
972 1980 1130 2023 Pigliium
1153 1980 1343 2021 incipiebat
1370 1990 1448 2021 cap.
1470 1988 1539 2013 xn.
1564 1989 1641 2012 cum
1665 1980 1730 2012 hoc

261 2020 385 2053 titulo:
415 2023 568 2059 Quoedam
583 2025 670 2056 nulla
695 2027 766 2056 arte
791 2024 871 2067 effici
892 2034 1003 2066 possm
1027 2028 1062 2056 et
1090 2024 1139 2055 sic
1166 2024 1200 2054 in
1227 2023 1328 2055 codd.
1353 2023 1414 2055 sed
1442 2022 1524 2055 Par.
1539 2025 1573 2054 4.
1595 2022 1727 2055 habet:

267 2063 322 2096 De
338 2065 534 2107 quibusdam,
548 2077 659 2108 quaen.
674 2078 707 2099 a.
722 2077 749 2099 e.
757 2070 988 2109 possunt.-18
1000 2068 1144 2099 Torren.
1155 2071 1274 2098 censet
1283 2067 1415 2108 perinde
1423 2076 1461 2097 ac
1472 2065 1675 2097 mutandum
1696 2065 1732 2097 in

263 2108 375 2140 deinde
397 2112 450 2141 et.-
474 2110 635 2153 Guyetus
658 2110 774 2143 delere
800 2111 875 2143 vult
896 2111 1056 2152 aliquanto
1071 2109 1296 2151 augustiorem.
1340 2110 1534 2151 Utrumque
1556 2109 1731 2151 improbat

1691 2190 1711 2197 a

921 2204 1065 2238 NOTAE

305 2265 320 2287 ¹¹
345 2267 579 2310 Euphranoris]
592 2267 738 2308 Isthmii,
752 2268 917 2310 pingendi
934 2273 971 2301 et
1025 2278 1116 2308 Βοῦς
1141 2271 1238 2300 tanta
1253 2267 1368 2299 subito
1389 2266 1534 2299 malacia
1549 2266 1670 2306 oritur,
1692 2270 1733 2299 ut

261 2318 413 2360 fingendi
428 2323 504 2350 arte
532 2322 638 2351 aetate
660 2329 721 2350 sua
737 2319 970 2359 laudatissimi,
1024 2329 1129 2351 naves
1154 2330 1190 2351 se
1216 2328 1354 2350 movere
1377 2319 1453 2351 loco
1483 2327 1550 2350 non
1566 2322 1729 2360 possent:

263 2374 354 2402 teste
381 2369 597 2403 Quintiliano
636 2369 694 2402 lib.
725 2379 795 2402 xu.
849 2370 891 2402 Id
918 2376 970 2402 ta·
1025 2371 1218 2403 consulitur
1248 2370 1444 2408 oraculum3
1470 2370 1616 2400 Dianam
1641 2367 1736 2409 Aga-

264 2429 342 2451 men
370 2419 543 2452 Praxiteli
571 2419 692 2452 tribuit
717 2419 908 2451 Pausanias
936 2420 970 2452 in
1025 2423 1216 2454 memnonio
1244 2423 1409 2463 sanguine
1446 2422 1650 2463 placandam
1680 2431 1732 2453 re-

265 2469 408 2502 Atticis.
1025 2473 1184 2514 spondet.
1228 2473 1410 2514 Iphigenia
1426 2472 1517 2504 illius
1533 2471 1604 2503 filia
1620 2472 1728 2504 addu-

307 2518 316 2540 ¹
340 2520 426 2556 Quid
438 2519 507 2561 ille]
528 2520 727 2552 Timanthes
743 2519 820 2553 fuit.
1025 2524 1127 2564 citur,
1149 2523 1362 2564 jamjamque
1380 2522 1423 2554 ad
1438 2532 1532 2554 aram
1548 2523 1732 2556 mactanda

308 2568 320 2597 ³
354 2570 527 2602 Immolatae
555 2571 747 2613 Iphigenioe]
787 2571 884 2603 Nota
916 2571 970 2602 vel
1025 2579 1114 2614 erat,
1152 2584 1229 2605 curu
1268 2574 1301 2605 in
1338 2574 1519 2605 Tauricam
1557 2574 1730 2616 regionem

265 2621 382 2660 pueris
406 2620 537 2654 fabula.
583 2622 668 2654 Cum
696 2622 813 2654 Graeci
843 2621 886 2654 ad
902 2621 971 2654 An-
1025 2626 1190 2657 translata
1212 2628 1277 2664 est,
1294 2634 1461 2666 cervaque
1477 2625 1666 2665 supposita.

265 2672 370 2703 lidem
399 2673 586 2709 venissent,
613 2683 750 2705 cervam
774 2674 896 2705 Dianae
921 2683 972 2705 sa·
1069 2674 1083 2696 k
1108 2676 1297 2717 Calchanta]
1330 2675 1504 2716 Augurem
1527 2675 1730 2708 Graecorum

267 2731 360 2754 cram
398 2723 597 2764 imprudens
629 2724 759 2766 occidit
788 2723 971 2765 Agamem·
1025 2726 1269 2765 clarissimum;
1303 2726 1551 2767 Agamemnon,
1578 2726 1733 2758 Menela-
