1878 3132
389 154 498 186 cAP.
521 154 594 185 ιιι.
631 154 693 185 DE
726 153 892 186 VAFRE
926 154 1092 186 mc'ris
1126 156 1228 187 Αυτ
1261 155 1449 187 moris,
1577 145 1662 188 697

183 249 300 293 Tum
320 250 423 295 ille:
457 255 470 274 ‘
494 249 739 303 Confiixit,’
758 251 915 306 inquit,
937 254 950 273 ‘
967 254 1011 293 et
1036 256 1273 307 superatus
1300 252 1398 295 est.’
1459 252 1532 296 Ita
1551 252 1663 296 libe-

182 333 279 362 rum
298 320 356 362 iis
383 335 469 363 non
499 322 681 377 reliquit
701 321 748 364 id
767 321 930 363 factum
957 320 1183 373 damnare,
1205 321 1328 375 quod
1358 321 1447 376 ipsi
1467 321 1563 364 fieri
1583 322 1662 364 de·

183 389 336 432 buisse
349 389 701 445 judicaverant.†

239 457 281 500 8.
311 457 441 502 Alter
476 459 580 502 item
613 456 896 501 Hannibal⁷⁶
929 457 1123 501 Fabium
1145 456 1415 508 Maximum,
1445 458 1661 501 invictam

182 539 404 569 armorum
432 540 611 570 suorum
644 527 734 569 vim
766 527 1073 570 saluberrimis
1104 526 1466 570 cunctationibus
1496 540 1659 581 pugnae

181 593 502 647 ludificantem‚
523 599 574 638 ut
594 595 749 651 aliqua
769 596 1034 651 suspicione
1056 595 1262 639 trahendi
1295 595 1404 636 belli
1434 608 1661 650 resperge-

179 666 260 715 ret,
279 664 421 706 totius
451 664 601 707 Italiae
622 677 752 719 agros
782 664 900 707 ferro
932 668 1066 720 atque
1097 664 1188 719 igni
1201 669 1237 696 ⁷⁷
1268 663 1504 715 vastando,
1527 665 1660 706 unius

179 731 276 788 ejus
296 731 485 775 fundum
505 733 746 775 immunem
762 734 820 775 ab
840 733 926 776 hoc
947 733 1125 789 injuriae
1148 745 1304 787 genere
1327 732 1515 788 reliquit.
1548 732 1660 776 Pro-

178 801 359 845 fecisset
379 802 549 858 aliquid
569 803 684 844 tanti
701 801 910 844 beneficii
939 802 1161 844 insidiosa
1181 800 1538 852 adumbratio,¹⁷⁸
1571 801 1661 843 nisi

180 869 400 914 Romanae
432 871 531 913 urbi
552 875 597 913 et
626 871 759 913 Fabii
788 871 974 926 pietaS,⁸
1002 874 1046 913 et
1076 869 1353 912 Hannibalis
1374 868 1486 911 vafri
1516 882 1660 912 mores

179 938 372 982 fuissent
391 939 651 992 notissimi.‡

234 1007 278 1051 9.
307 1008 578 1051 Tusculanis
599 1008 738 1051 etiam
760 1009 966 1052 acumine
1003 1008 1180 1051 consilii
1214 1007 1500 1051 incolumitas
1532 1012 1660 1064 parta

177 1082 262 1120 est.
323 1077 437 1119 Cum
459 1078 575 1120 enim
598 1078 763 1120 crebris
783 1078 1150 1122 rebellationibus
1166 1075 1182 1100 ¹³
1211 1076 1496 1129 meruissent,
1514 1081 1564 1120 ut
1583 1091 1660 1120 eo-

177 1159 274 1188 rum
293 1147 447 1189 urbem
469 1146 667 1190 funditus
690 1147 888 1190 Romani
910 1151 1108 1190 evertere
1140 1145 1322 1196 vellent,
1355 1150 1491 1200 atque
1523 1146 1583 1188 ad
1611 1145 1660 1188 id

178 1215 490 1271 exequendum
512 1215 676 1258 Furius
699 1215 938 1268 Camillus,
953 1215 1179 1258 maximus
1200 1214 1352 1266 dux,⁷⁹
1374 1213 1657 1257 validissimo

175 1285 417 1328 instructus
439 1285 639 1328 exercitu
660 1287 888 1340 venisset;
911 1286 1111 1330 universi
1131 1285 1175 1328 ei
1196 1285 1337 1340 togati
1350 1284 1538 1327 'obviam
1555 1298 1657 1340 pro-

177 1357 421 1405 cesserunt,
450 1360 841 1411 commeatusque,
874 1361 919 1400 et
939 1360 1085 1399 cetera
1105 1355 1238 1412 pacis
1260 1354 1413 1396 munia
1433 1353 1656 1409 benignis-

176 1423 287 1466 sime
308 1424 626 1479 praestiterunt.
685 1425 925 1470 Armatum
955 1427 1091 1469 etiam
1125 1426 1288 1467 intrare
1321 1423 1490 1466 moenia
1526 1423 1655 1478 passi

220 1563 229 1586 ³
244 1565 360 1598 Fallax
368 1566 452 1599 tanti
466 1566 608 1610 beneficii
623 1567 784 1600 simulatio
799 1567 897 1600 Fabio
914 1567 1079 1601 nocuisset.

794 1671 1035 1684 “OOOO‘OOOOO

173 1741 425 1775 editorem—'16
448 1743 541 1775 Alter
559 1742 725 1775 Hannibal
750 1747 806 1776 est
830 1743 866 1776 in
891 1744 983 1778 Ultr.
1011 1754 1081 1777 sec.
1111 1744 1184 1776 Bit.
1207 1746 1244 1776 et
1260 1740 1369 1774 Barb.
1389 1740 1520 1782 primis.
1565 1740 1655 1772 Idem

174 1786 341 1818 Hannibal
356 1786 389 1818 in
406 1786 485 1819 Vet.
504 1787 642 1819 winck.
655 1787 730 1819 Col.
748 1788 905 1830 aliisque.
940 1789 1024 1820 Item
1043 1787 1209 1820 Hannibal
1227 1786 1347 1819 Ati-eb.
1371 1784 1509 1817 Gembl.
1533 1782 1656 1826 Camp.

172 1830 266 1862 Alter
289 1829 425 1862 Fabium
451 1830 551 1863 Harl.
573 1831 698 1862 omisso
721 1831 798 1863 item
823 1831 1002 1873 Hannibal,
1026 1841 1128 1874 quam
1158 1830 1344 1863 lectionem
1369 1827 1561 1860 Torrenius
1583 1836 1654 1859 non

173 1872 249 1904 sine
265 1883 369 1905 causa
386 1882 511 1914 veram,
534 1878 639 1916 atque
654 1874 732 1906 item
748 1875 914 1907 Hannibal
929 1886 948 1908 e
965 1876 1080 1917 glossa
1095 1873 1295 1917 profectum
1312 1872 1522 1914 suspicatur.
1568 1870 1656 1902 Lec-

171 1916 302 1948 tionem
329 1918 519 1950 textualem
549 1918 694 1959 Pighius
726 1927 746 1949 e
776 1919 933 1961 vestigiis
965 1920 1081 1952 Pulm.
1111 1924 1148 1951 et
1178 1919 1256 1950 Sus.
1286 1915 1523 1949 concinnavit.
1567 1914 1653 1946 Mox

171 1959 388 1992 saluberrimis
417 1966 454 1993 et
482 1971 599 2002 pugnoe
627 1962 760 1994 omittit
790 1963 888 1995 Med.
920 1966 1079 1995 see—⁷⁷
1103 1962 1232 2004 Ultraj.
1258 1960 1360 2003 prim.
1382 1959 1476 1999 ferro
1501 1959 1654 2000 igneque:

174 2003 270 2034 Med.
293 2008 439 2046 uterque
454 2004 547 2044 ferro
562 2008 594 2036 et
608 2006 704 2045 igne.-
728 2006 762 2037 in
779 2004 859 2047 fine,
885 2007 984 2039 Med.
1002 2007 1104 2049 prim,
1131 2006 1230 2038 Leid.
1254 2009 1335 2036 tert.
1361 2006 1461 2036 essent
1477 2001 1653 2034 notissimi.-

172 2046 271 2078 Med.
300 2056 369 2080 sec.
401 2051 504 2080 essent
540 2049 682 2089 cogniti.-
718 2049 818 2081 Leid.
879 2056 968 2083 uart.
1000 2050 1114 2090 forent
1149 2048 1408 2082 notissima-78
1442 2045 1534 2078 Edd.
1566 2049 1654 2077 vett.

168 2089 367 2122 adumbratio
393 2092 480 2132 ejus.-
518 2091 622 2123 ‘Vox
652 2092 718 2132 qius
747 2102 850 2135 super
880 2103 923 2125 ua
953 2098 1019 2134 est,
1055 2103 1169 2135 neque
1201 2092 1349 2124 habetur
1378 2090 1413 2122 in
1442 2089 1587 2122 Susiano
1615 2092 1653 2120 et

172 2132 448 2167 Pulmanniano.'
475 2134 571 2174 Pigra.
618 2135 804 2168 ‘Habetur
830 2138 864 2168 in
893 2141 1042 2179 utroque
1058 2136 1184 2178 Ultraj.
1212 2136 1298 2176 Cup.
1321 2133 1421 2167 Leid.
1448 2137 1561 2176 quart.
1585 2131 1652 2165 Ed.

171 2176 267 2217 Mog.
298 2181 335 2208 et
364 2178 505 2219 reliquis
536 2178 703 2211 omnibus.
751 2180 831 2211 Non
860 2180 1043 2213 admodum
1080 2185 1197 2212 tamen
1237 2176 1438 2211 desideres!
1475 2177 1652 2209 Tor-ren.—

170 2222 214 2251 79
239 2220 394 2253 Camillus
420 2221 577 2253 maximus
596 2223 663 2254 dux
690 2222 820 2255 Brand.
840 2225 870 2255 1.
899 2227 932 2256 2.
960 2233 1082 2256 novem
1109 2223 1212 2256 codd.
1238 2223 1383 2254 'rm-ren.
1404 2226 1442 2253 et
1464 2219 1544 2252 edd.
1567 2224 1650 2251 aute

171 2262 353 2305 Piglnium:
380 2264 538 2297 maximus
552 2265 702 2298 deestin
719 2267 840 2299 Colon.
868 2272 905 2299 et
918 2268 1056 2300 Winck.
1101 2267 1227 2310 eopes.
1254 2275 1322 2299 non
1344 2264 1426 2297 illud
1452 2264 1561 2296 solum
1589 2261 1649 2294 sed

837 2372 980 2406 NOTAE

214 2450 228 2479 ἑ
247 2443 312 2476 Αιι.
326 2443 378 2476 Μ.
394 2447 492 2478 3794.
515 2446 574 2478 01.
592 2448 665 2480 13⁰.
682 2450 712 2480 l.
738 2448 825 2482 Urb.
839 2449 879 2482 C.
977 2449 992 2472 ὓ
1016 2449 1146 2482 Crebris
1166 2445 1435 2486 rebellationibus]
1459 2444 1545 2476 Cum
1567 2441 1647 2475 Vol-

166 2498 242 2527 493.
260 2494 343 2527 Ant.
360 2495 423 2528 Ch.
440 2498 518 2529 259.
934 2511 1010 2534 scos
1034 2501 1176 2534 vicisset
1200 2498 1379 2537 Camillus,
1403 2496 1437 2527 in
1463 2502 1647 2526 recensen-

211 2550 227 2567 ⁸
249 2546 344 2578 Fabii
356 2546 474 2588 pietas]
497 2548 565 2581 Qui
582 2549 671 2583 hunc
685 2561 818 2592 agrum,
834 2562 878 2585 ne
933 2553 985 2584 dis
1001 2552 1152 2595 captivis
1168 2548 1354 2582 Tusculani
1376 2547 1508 2588 aliquot
1525 2545 1649 2587 depre-

167 2605 329 2640 suspecta
350 2599 485 2632 civibus
501 2611 562 2633 sua
575 2601 664 2635 fides
679 2609 786 2646 esset,
812 2615 877 2647 pro
932 2605 1028 2636 hensi
1043 2608 1136 2643 sunt,
1161 2601 1220 2643 qui
1242 2599 1383 2642 publico
1400 2597 1546 2629 consilio
1560 2595 1652 2629 mili-

167 2650 315 2691 captivis
330 2651 538 2684 redimendis
555 2655 726 2688 vendidit.
933 2660 1026 2687 tasse
1056 2653 1254 2685 faterentur
1270 2661 1279 2682 ε
1311 2658 1419 2692 quare
1451 2647 1598 2690 jubetur
1627 2656 1649 2679 a

212 2705 227 2739 τ
244 2701 312 2734 Au.
328 2702 380 2734 M.
396 2705 492 2736 3837,
516 2703 574 2738 01.
594 2708 666 2740 140.
683 2709 716 2739 4.
739 2707 824 2740 Urb.
838 2708 877 2741 C.
930 2706 1063 2739 Senatu
1077 2702 1244 2737 Camillus
1265 2702 1300 2734 in
1316 2710 1373 2733 eos
1391 2708 1485 2731 arma
1502 2702 1650 2731 vertere.

168 2754 243 2784 536.
278 2750 357 2784 Ant.
375 2752 435 2785 Ch.
452 2756 526 2787 116.
