1878 3132
248 160 336 205 778
633 173 846 205 VALERu
881 173 1074 206 ΜΑΧιΜι
1109 175 1204 208 mn.
1237 177 1344 208 vui.

249 268 349 310 nias
376 269 568 312 Deorum
585 271 860 314 ordinasset:
880 275 927 314 ut
947 273 1062 314 enim
1083 273 1129 313 in
1148 273 1281 315 rebus
1302 273 1429 315 seriis
1446 273 1714 326 Scaevolam,

250 336 316 379 ita
344 341 387 379 et
418 339 463 380 in
484 340 703 382 scenicis⁹
733 340 913 382 lusibus
943 340 1165 382 hominem
1197 342 1378 395 agebat:
1409 355 1540 396 quem
1570 355 1715 385 rerum

251 410 413 450 natura
428 408 627 452 continui
648 408 816 451 laboris
836 409 1078 463 patientem
1101 421 1204 451 esse
1224 422 1312 451 non
1331 409 1467 452 sinim

854 518 1115 551 EXTERNA.

307 589 350 631 1.
383 588 529 644 quue
550 589 677 640 vidit,
708 589 782 634 cui
816 588 938 631 nulla
978 601 1083 643 pars
1122 589 1357 644 sapientiae
1393 591 1586 633 obscura
1615 591 1717 644 fuit,

247 657 479 700 Socrates:
510 657 704 712 ideoque
725 670 813 699 non
834 657 1011 700 erubuit
1031 661 1150 709 tunc,
1172 671 1273 700 cum
1295 660 1557 714 interposita
1586 673 1716 703 arun-

249 726 351 768 dine
369 727 566 769 cruribus
588 727 698 777 suis,
720 739 822 768 cum
843 726 1045 781 parvulis
1065 726 1217 769 filiolis
1229 728 1388 771 ludens
1408 730 1466 771 ab
1483 728 1718 775 Alcibiade

247 795 366 838 risus
387 798 537 838 est.¹0‡
1727 832 1729 834 .

305 863 348 905 2.
381 864 606 906 Homerus
641 878 834 919 quoque,
869 864 1035 919 ingenii
1068 865 1269 935 coelestiss
1306 869 1448 917 vateS,
1478 878 1567 909 non
1597 865 1718 908 aliud

251 932 405 984 sensit,
440 933 841 977 vehementissimis
877 930 1100 976 Achillisf
1138 934 1345 977 manibus
1382 947 1569 977 canoras
1604 934 1718 976 fides

863 1046 904 1058 ’θῶ

248 1111 402 1143 nius.—9
423 1111 498 1145 ‘Ita
522 1112 624 1154 plane
639 1112 742 1146 habet
754 1113 836 1145 Vet.
867 1114 1026 1156 Vestigia
1050 1114 1148 1156 hujus
1172 1114 1332 1146 lectionis
1348 1118 1430 1146 sunt
1446 1114 1480 1146 in
1497 1111 1614 1146 multis
1629 1106 1716 1145 M'ss.

248 1165 394 1230 guarum
411 1156 482 1196 alii,
496 1155 530 1188 in
545 1157 655 1197 scenis,
671 1157 714 1189 al.
732 1157 861 1199 insenis,
886 1158 931 1190 al.
951 1158 986 1190 in
1010 1159 1111 1199 scoeis,
1135 1157 1169 1189 in
1185 1157 1524 1199 scurrilibus-habent,
1548 1156 1638 1188 nude
1655 1156 1719 1188 viri

275 1199 345 1231 octi
364 1199 456 1240 conj.
470 1200 506 1231 in
524 1200 627 1240 seriis,
647 1199 681 1232 in
696 1201 858 1240 senilibus,
875 1201 909 1233 in
934 1201 1043 1242 coenis,
1066 1201 1100 1233 in
1115 1201 1292 1242 turrilibus,
1306 1201 1341 1232 in
1355 1200 1514 1241 serotinis,
1528 1199 1562 1232 in
1575 1199 1719 1240 heroicis,

222 1262 225 1264 —
248 1243 284 1273 in
312 1242 411 1282 sanis,
432 1243 468 1274 in
489 1243 661 1283 sterilibus,
689 1245 724 1275 in
741 1243 915 1283 futilibus,·
939 1254 1016 1287 quae
1044 1245 1135 1286 conj.
1165 1254 1280 1276 omnes
1303 1243 1421 1276 futiles
1445 1243 1528 1275 mihi
1543 1242 1718 1275 videntur.

247 1286 361 1327 Vulgo
378 1285 509 1317 editum
526 1291 580 1318 est
594 1287 628 1317 in
642 1287 836 1327 scurrilibus,
851 1297 912 1328 pro
929 1298 996 1330 quo
1013 1297 1079 1328 ego
1095 1288 1280 1320 lectionem
1293 1288 1373 1319 Vet.
1386 1287 1418 1319 in
1429 1286 1559 1319 scenicis
1570 1285 1720 1327 reposui.

247 1328 304 1361 An
320 1333 416 1361 recte
431 1327 588 1368 fecerim,
605 1330 754 1362 viderint
772 1331 888 1372 periti.
927 1332 936 1348 ‘
949 1330 1109 1363 Scurrilis
1124 1331 1216 1362 lusus
1227 1330 1237 1344 ’
1259 1336 1314 1363 est
1329 1340 1433 1372 supra
1449 1339 1516 1362 vu.
1530 1333 1563 1362 8.
1579 1330 1613 1361 in
1629 1327 1720 1361 fine.¹

250 1373 357 1414 Kapp.
402 1376 412 1390 ‘
426 1373 466 1404 In
480 1373 664 1404 scurrilibus
679 1378 814 1406 veteres
832 1373 923 1415 typis
939 1374 1108 1415 expressi,
1134 1378 1171 1406 et
1187 1383 1274 1406 unus
1291 1374 1374 1406 item
1390 1373 1520 1405 Brand.
1536 1371 1639 1404 Alter
1654 1371 1718 1414 pro

247 1416 284 1447 in
298 1415 482 1447 scurrilibus
497 1416 601 1448 habet
613 1416 646 1447 in
657 1417 757 1448 scenis
765 1427 777 1455 ;
801 1417 862 1448 sed
876 1417 926 1448 ita
941 1421 980 1449 ut
995 1417 1093 1450 initio
1111 1417 1270 1450 videatur
1284 1417 1452 1458 scriptum
1476 1416 1584 1449 fuisse
1604 1416 1640 1447 in
1653 1425 1720 1448 sce-

249 1459 350 1491 uibus.
393 1458 463 1491 Sed
491 1465 527 1491 et
550 1459 691 1497 Pighius
715 1460 749 1491 in
777 1460 908 1502 aliquot
936 1461 1038 1494 codd.
1055 1461 1187 1493 invenit
1202 1461 1238 1492 in
1262 1461 1384 1498 scenis,·
1407 1465 1442 1492 et
1458 1460 1492 1492 in
1508 1469 1576 1491 uno
1589 1459 1719 1492 insenis.

248 1502 351 1534 Unde
367 1502 424 1534 ille
437 1502 578 1544 conjicit
594 1503 776 1545 legendum
794 1513 868 1535 esse
883 1503 1010 1536 inseriis
1023 1503 1142 1536 lusibus
1152 1514 1164 1542 ;
1195 1508 1233 1536 ut
1255 1503 1383 1536 inseriis
1398 1503 1443 1535 sit
1459 1512 1523 1545 pro
1538 1502 1717 1535 nomeriis.

248 1546 337 1578 Dan.
353 1545 460 1578 habet
474 1546 508 1577 in
520 1547 620 1578 scaeis.
665 1547 758 1579 Satis
778 1552 939 1588 apparet,
957 1547 1141 1579 scurrilibus
1155 1547 1295 1579 minime
1313 1547 1512 1588 genuinum,
1527 1554 1660 1587 proque
1675 1554 1719 1578 eo

250 1589 342 1621 aliud
358 1589 540 1630 legendum
558 1599 645 1622 esse.
689 1590 799 1624 Janus
816 1591 1020 1631 Rutgersius
1036 1590 1219 1633 legendum
1243 1595 1344 1632 putat
1366 1591 1400 1622 in
1421 1589 1582 1631 senilibus,
1608 1589 1662 1620 vel
1685 1589 1720 1632 in

248 1633 343 1673 senis,
356 1633 460 1665 autin
473 1634 569 1665 scenii
581 1644 594 1670 ,¹
610 1633 700 1676 quia,
717 1638 753 1665 ut
766 1634 926 1666 Sidonius
938 1634 1046 1675 dicat,
1061 1635 1136 1667 alea
1147 1643 1266 1666 senum
1279 1634 1584 1673 oblectamentum,
1595 1637 1638 1664 ut
1651 1632 1722 1675 pila

244 1676 426 1717 juvenum.
471 1677 518 1709 Et
542 1686 623 1709 sane
646 1677 847 1718 conjectura
875 1678 935 1709 illa
963 1678 1056 1719 prior
1080 1678 1227 1719 juvatur
1250 1687 1304 1716 eo,
1327 1678 1417 1718 quod
1441 1677 1475 1708 in
1492 1686 1560 1708 uno
1586 1675 1718 1708 Brand.

249 1719 347 1751 initio
375 1723 415 1751 ut
445 1719 532 1760 dixi,
561 1721 729 1761 scriptum
759 1720 825 1752 fnit
839 1732 848 1752 ι
873 1721 907 1752 in
932 1721 1095 1753 scenibusss
1117 1721 1231 1753 Vorst.
1276 1721 1286 1738 ‘
1298 1720 1471 1752 Klokkius
1496 1719 1650 1761 proxime
1675 1717 1720 1750 ad

250 1763 438 1805 Pighianos
455 1763 559 1795 libros
576 1764 662 1805 legit
677 1764 710 1795 iu
724 1764 822 1796 sanis.
867 1764 942 1796 Van
959 1764 1206 1806 Bynkerslioek
1222 1763 1315 1795 varie
1332 1774 1469 1806 quoque
1485 1763 1518 1795 h.
1535 1763 1558 1795 l.
1573 1761 1728 1794 fluctus--

248 1806 313 1847 vit,
330 1806 432 1838 modo
448 1806 610 1839 dubitans
638 1817 682 1838 an
705 1808 852 1839 scurriles
867 1817 984 1839 omnes
1001 1808 1093 1839 lusus
1110 1807 1180 1839 dici
1195 1812 1335 1849 possent
1350 1812 1514 1848 respectu
1538 1806 1720 1844 Scaevolae,

250 1854 287 1881 et
304 1850 358 1881 vel
374 1848 539 1891 Auguris,
555 1851 608 1882 vel
626 1849 828 1882 Pontificis:
848 1853 919 1882 tum
936 1860 976 1882 an
989 1851 1137 1882 scurriles
1152 1855 1295 1892 possent
1309 1850 1421 1891 accipi
1433 1859 1496 1892 pro
1503 1848 1699 1888 jocularibus
1710 1859 1723 1880 .-

251 1892 356 1925 etiam
374 1903 418 1924 an
434 1893 610 1925 emendari
626 1897 756 1935 posset,
769 1893 942 1934 sterilibus,
956 1894 1012 1925 vel
1022 1893 1183 1932 futilibus.
1228 1893 1297 1925 Sed
1315 1893 1398 1925 nihil
1412 1894 1531 1925 horum
1544 1901 1622 1925 curn
1637 1891 1721 1923 satis

250 1936 422 1978 placeret,
437 1938 575 1978 propius
591 1937 758 1968 accedere
772 1937 960 1977 existimat,
973 1937 1000 1969 si
1014 1938 1163 1978 legatur,
1175 1937 1359 1969 turrilibus:
1383 1941 1421 1968 ut
1440 1938 1449 1955 ‘
1462 1937 1552 1968 lusus
1566 1933 1721 1975 turrilis‚'

251 1980 297 2012 sit
314 1981 406 2011 lusus
423 1981 522 2022 alvei,
538 1980 587 2012 ita
603 1979 716 2012 dictus
731 1990 750 2011 a
768 1981 777 1998 ‘
791 1980 878 2012 turri
889 1980 899 1995 '
921 1980 993 2012 sive
1005 1981 1013 1997 ‘
1026 1979 1169 2022 Pyrgo‚'
1194 1981 1364 2023 quomodo
1377 1979 1571 2021 promiscue
1586 1982 1722 2011 veteres

251 2023 424 2056 vocabant
455 2024 631 2056 vasculum
662 2023 759 2064 illud,
786 2033 806 2056 e
836 2033 904 2066 quo
935 2023 996 2055 tali
1025 2029 1062 2055 et
1091 2028 1231 2056 tesserae
1259 2024 1490 2065 ejiciebantur
1514 2023 1548 2054 in
1574 2023 1721 2054 alveum.

252 2067 430 2099 Souterius
447 2067 489 2099 de
513 2066 737 2099 Aleatoribus
755 2077 834 2108 cap.
852 2069 904 2099 17.
928 2067 1014 2098 dicit
1026 2067 1223 2099 Pontanum
1238 2067 1377 2108 legisse,
1392 2068 1426 2099 in
1441 2066 1620 2099 Serotinis:
1642 2065 1722 2097 ideo

253 2109 343 2152 quod
360 2110 396 2141 in
413 2110 507 2142 libris
523 2110 730 2152 Anglicanis.
742 2111 925 2143 invenerat
941 2110 1058 2142 Servis.
1104 2110 1296 2142 Scriverius
1319 2109 1541 2147 emendabat,
1555 2110 1590 2141 iu
1605 2108 1723 2140 Heroi-

252 2154 310 2193 cis,
324 2153 378 2185 vel
392 2154 427 2185 in
443 2154 562 2185 Herois
572 2165 582 2185 .-
608 2154 681 2195 ipse
694 2154 874 2186 Sonterius
891 2153 1031 2185 videtur
1045 2155 1162 2196 potius
1176 2153 1214 2185 τὸ
1227 2154 1410 2186 scurrilibus
1425 2163 1487 2196 pro
1504 2153 1722 2185 Glossemate

254 2197 475 2239 expunxisse,
500 2207 564 2228 nec
593 2197 827 2229 necessarium
847 2196 1024 2239 judicare,
1046 2201 1085 2229 ut
1110 2196 1147 2228 τὸ
1162 2197 1280 2229 lusibus
1294 2197 1448 2230 additum
1465 2197 1510 2228 sit
1532 2196 1723 2237 epitheton.

254 2241 284 2271 E
297 2240 420 2283 quibus
437 2241 581 2282 quisque
597 2240 737 2281 probet,
753 2240 845 2282 quod
862 2240 1022 2273 voluerit.
1067 2240 1156 2273 Mihi
1168 2250 1235 2272 nee
1248 2240 1392 2278 Heroici,
1407 2250 1473 2272 nee
1489 2239 1628 2272 Serotini
1640 2239 1724 2270 lusus

252 2283 306 2315 hic
333 2284 484 2325 placent.
532 2283 670 2315 Turriles
692 2284 790 2321 lusus,
819 2293 943 2315 vereor
965 2284 1069 2316 etiam
1093 2289 1133 2315 ut
1155 2284 1225 2316 ullo
1241 2283 1311 2315 alio
1328 2285 1401 2316 loco
1418 2283 1556 2326 probari
1579 2281 1726 2324 possint,

254 2333 293 2358 ut
310 2332 346 2358 et
359 2327 468 2369 ipsum
486 2326 667 2368 epitheton
681 2326 816 2359 turritis.
855 2326 966 2359 Codd.
990 2326 1098 2359 nostri
1113 2327 1242 2359 habent
1258 2326 1367 2359 Paris.
1383 2331 1462 2359 tert.
1477 2326 1583 2358 Barb.
1601 2329 1637 2357 et
1649 2324 1723 2358 Bit.

254 2370 369 2411 primi,
387 2370 485 2402 Leid.
504 2370 603 2411 prim.
617 2378 686 2401 sec.
702 2374 784 2402 tert.
798 2373 835 2401 et
850 2370 978 2411 Ultraj.
993 2379 1064 2402 sec.
1082 2371 1130 2401 ita
1146 2370 1180 2402 in
1195 2370 1380 2407 scurrilibus
1395 2370 1513 2402 lusibus
1524 2380 1538 2409 ‚·
1561 2369 1670 2415 quint.
1685 2371 1722 2399 et

191 2422 195 2425 ·
253 2418 345 2445 sext.
360 2414 394 2445 in
407 2413 589 2445 scurrilibus
604 2413 741 2444 luxibus.
786 2412 857 2444 Ult.
887 2413 987 2454 prim.
1016 2414 1051 2444 in
1072 2413 1221 2446 sccuibus.
1245 2413 1345 2446 Harl.
1370 2420 1406 2445 et
1433 2412 1528 2445 Leid.
1552 2415 1665 2454 quart.
1685 2410 1722 2442 in

254 2457 364 2488 scenis.
413 2456 499 2488 Mihi
524 2456 673 2488 maxime
695 2455 829 2487 arridet
855 2456 1030 2496 Rutgersii
1053 2457 1264 2498 conjectura,
1287 2457 1325 2488 In
1346 2455 1516 2493 senilibus?
1537 2455 1725 2486 Turrem—-

252 2502 296 2531 10
322 2502 479 2534 Quatuor
502 2500 605 2532 codd.
625 2499 835 2532 Torreniani
859 2504 895 2531 et
913 2499 991 2531 Vet.
1014 2500 1137 2532 derisus
1160 2503 1231 2539 θεὴ·
1254 2500 1413 2532 Perizon.
1429 2499 1497 2540 legi
1516 2497 1623 2541 jussit
1637 2496 1722 2529 visus

255 2546 313 2585 est,
327 2543 546 2585 improbante
560 2542 710 2586 Kappio.

918 2605 1062 2640 NOTAE

300 2679 314 2708 †
340 2672 406 2707 An.
422 2673 474 2705 M.
498 2675 594 2705 3894.
611 2673 669 2706 Ol·
686 2675 761 2706 155.
779 2675 808 2706 l.
820 2671 907 2705 Urb.
925 2672 965 2705 C.
1012 2674 1089 2704 339.
1122 2670 1205 2704 Ant.
1222 2672 1284 2705 Ch.
1299 2674 1376 2703 413.

257 2733 332 2763 593.
348 2730 429 2762 Ant.
445 2731 506 2763 Ch.
523 2734 597 2763 159.
1056 2723 1071 2744 f
1087 2723 1239 2764 Achillis]
1256 2722 1390 2755 Pelidis
1407 2725 1443 2754 et
1458 2720 1617 2756 Thetidis
1632 2719 1723 2754 filius

301 2781 400 2820 ssAn.
417 2783 467 2815 M.
485 2785 582 2815 3640.
616 2782 739 2815 01.91.
755 2784 786 2814 3.
823 2780 909 2813 Urb.
926 2781 967 2813 C.
1013 2787 1034 2810 a
1060 2775 1177 2809 Poe‘tis
1202 2773 1365 2816 fingitur3
1389 2777 1425 2806 et
1446 2772 1662 2814 Graecorum,
1683 2777 1722 2804 ut
