1878 3132
372 184 480 216 cAP.
503 184 578 216 ιιι.
612 185 676 216 nn
712 183 880 231 vrinae
914 185 1078 218 mc'ris
1110 186 1214 219 Au'r
1250 188 1441 222 FAc'ris.
1557 177 1647 222 689

167 293 288 324 mere
307 283 479 337 possit:
512 284 762 326 universum
784 287 972 326 conatus
1004 288 1302 338 prosternere,
1332 287 1527 331 celerius
1555 291 1644 331 tra-

169 349 331 393 diderit
351 351 600 403 victoriam,
629 365 768 407 quam
803 351 1130 407 occupaverit.'
1190 353 1261 397 Ita
1292 368 1402 409 gens
1432 357 1642 409 barbara,

168 430 343 474 aspera,
365 425 414 462 et
431 421 525 475 regi
545 421 755 472 difficilis,
777 422 822 463 in
841 422 1031 464 exitium
1053 435 1183 464 suum
1203 435 1354 475 ruenS,
1371 437 1506 479 quam
1524 426 1647 468 utili-

167 489 302 530 tatem
323 490 506 532 auribus
525 493 771 544 respuerat,
788 491 933 534 oculis
951 491 1175 547 pervidit!
1189 494 1249 529 ³⁵ss

223 558 267 599 7.
297 557 471 600 Fabius
491 562 636 600 autem
661 558 914 611 Maximus,
938 559 1068 615 cujus
1087 573 1176 602 non
1198 559 1428 612 dimicare,
1461 562 1640 605 vincere

165 625 381 677 fuit‚cum
393 627 640 682 praecipuae
663 627 932 671 fortitudinis
948 628 1177 671 Nolanum
1191 627 1227 660 ³⁶
1248 629 1444 685 peditem
1458 636 1484 654 ¹¹¹
1506 631 1647 675 dubia

165 693 255 736 fide
277 700 558 750 suspectum,
579 701 625 738 et
645 701 836 740 strenuae
857 708 1008 752 operae
1028 697 1262 740 Lucanum
1282 699 1472 754 equitem
1495 713 1646 743 amore

166 763 302 807 scorti
318 756 600 819 deperditum
623 764 670 806 in
686 765 847 808 castris
864 765 1066 817 haberet,
1077 770 1126 808 ut
1139 771 1330 822 utroque
1350 768 1504 822 potius
1524 769 1646 811 bono

166 830 305 874 milite
340 836 550 884 uteretur,
578 846 712 888 quam
751 833 795 875 in
828 838 1067 889 utrumque
1099 835 1488 888 animadverteret,
1519 838 1647 880 alteri

167 900 468 955 suspicionem
509 914 638 943 suam
677 901 1000 954 dissimulavit,
1039 903 1085 944 in
1127 903 1308 946 altero³⁷
1353 905 1647 961 disciplinam

164 967 402 1023 paululum
434 982 463 1012 a
496 977 623 1012 recto
644 975 799 1012 tenore
821 971 1028 1014 deflexit.
1088 971 1210 1014 Nam
1243 974 1367 1015 illum
1398 975 1528 1029 plene
1560 988 1644 1029 pro

164 1036 376 1080 tribunali
390 1044 408 1063 ¹²
427 1038 679 1090 ⁴laudando,
693 1040 907 1095 omnique
929 1053 1085 1094 genere
1105 1041 1292 1083 honoris
1312 1043 1644 1097 prosequendo,

166 1105 362 1148 animum
385 1121 517 1149 suum
539 1121 567 1150 a
590 1108 748 1150 Poenis
781 1108 840 1150 ad
870 1108 1108 1151 Romanos
1145 1108 1298 1163 coegit
1332 1122 1570 1153 revocare:
1601 1117 1649 1154 et

162 1173 280 1218 huno
301 1175 419 1218 clam
437 1179 711 1220 meretricem
732 1178 946 1220 redimere
978 1190 1160 1233 passus,
1192 1179 1529 1233 paratissimum
1561 1193 1649 1235 pro

165 1245 295 1287 nobis
310 1258 598 1288 excursorem
613 1246 645 1278 ³⁸
677 1247 908 1289 reddidit·

222 1314 266 1356 8.
297 1313 493 1357 Veniam
512 1321 682 1358 nunc³⁹
712 1316 771 1358 ad
793 1329 890 1368 eos,
910 1316 1079 1372 quibus
1098 1316 1224 1358 salus
1257 1316 1426 1358 astutia
1449 1317 1648 1372 quaesita

166 1386 251 1424 est.
332 1382 399 1424 M.
437 1382 664 1426 Volusius
705 1384 852 1427 aedilis
892 1385 1042 1440 plebis
1083 1385 1388 1440 proscriptus,
1444 1389 1648 1429 assumto

167 1450 309 1494 Isiaci
334 1451 528 1503 habitu,⁰
558 1466 634 1507 per
655 1453 812 1496 itinera
834 1453 1023 1508 viasque
1045 1453 1252 1508 publicas
1286 1454 1449 1508 stipem
1473 1457 1647 1508 petens,

166 1520 376 1576 quisnam
394 1533 443 1562 re
463 1533 572 1563 vera
591 1524 727 1572 esset,
755 1525 1040 1563 occurrentes
1063 1521 1325 1576 dignoscere
1361 1535 1527 1578 passus
1557 1535 1649 1564 non

210 1659 223 1676 ·
240 1655 306 1686 Per
318 1655 397 1687 hanc
411 1655 650 1688 similitudinem
665 1656 761 1688 oculis
773 1655 944 1696 subjectam
954 1656 1107 1699 praevidit
1120 1657 1306 1698 utilitatem,
1321 1667 1415 1698 quam
1427 1657 1521 1698 prius
1544 1655 1650 1688 verbis

165 1699 355 1740 explicatam
369 1700 498 1732 auribus
512 1703 687 1742 respuerat.

973 1753 1035 1766 ΝΟ

166 1823 307 1852 nostrum
322 1819 421 1853 dedit
435 1818 658 1859 Romanorum,
675 1819 766 1863 quod
782 1824 838 1853 est
853 1820 889 1852 in
901 1820 1032 1854 Medic.
1049 1823 1080 1854 1.
1112 1820 1198 1852 Mox
1214 1823 1364 1862 quatuor
1380 1818 1483 1851 codd.
1499 1819 1646 1851 Torren.

163 1867 290 1905 masei,-
313 1864 458 1896 totidem
475 1864 645 1906 ejusdem,
667 1867 812 1897 canatum
824 1868 1037 1906 prosternere.
1084 1864 1222 1896 Deinde
1240 1863 1336 1895 Leid.
1364 1866 1397 1895 6.
1422 1863 1597 1894 tradiderit
1619 1862 1651 1896 ei

167 1907 432 1940 victoriam—36
458 1907 516 1939 Ita
531 1904 662 1940 Branii.
679 1911 710 1940 1.
726 1911 759 1940 2.
778 1908 962 1940 duodecim
989 1906 1092 1940 codd.
1117 1908 1264 1939 Torren.
1279 1907 1360 1939 Vet.
1389 1906 1487 1947 Mog.
1504 1906 1649 1938 Venett.

170 1949 315 1983 Mediol.
336 1950 440 1983 Aldd.
457 1954 490 1984 2.
506 1953 539 1983 3.
554 1953 587 1984 4.
604 1955 637 1983 5.
664 1951 775 1983 Coiin.
804 1950 940 1992 Gryph.
966 1955 1003 1983 et
1026 1951 1150 1992 Steph.
1175 1950 1327 1991 praevidit
1357 1949 1458 1991 Pigh.
1488 1949 1589 1991 Tbys.
1612 1953 1651 1980 et

169 1993 286 2026 Coler.
304 1994 396 2036 quod
423 1995 458 2026 in
485 2004 551 2026 uua
577 1994 632 2026 ed.
662 1994 743 2026 Aldi
769 2004 805 2026 se
830 1993 1006 2026 invenisse
1034 1995 1083 2027 ait
1101 1994 1284 2033 Vorstius;
1308 1993 1408 2026 Leid.
1437 1996 1469 2024 1.
1491 1992 1650 2033 providit,-

169 2035 302 2069 Medic.
334 2040 364 2068 1.
395 2037 523 2069 auribus
551 2038 737 2078 despexerat
761 2037 859 2070 oculis
886 2037 1131 2079 prodidit.—-·3fi
1159 2036 1258 2069 Leid.
1289 2039 1324 2068 6.
1354 2035 1449 2068 delet
1480 2036 1652 2067 Nolanum.

169 2079 255 2111 Mox
270 2080 367 2112 Leid.
382 2083 415 2113 2.
432 2084 594 2112 strenuum
609 2091 722 2122 operoe.
769 2080 880 2112 Paulo
897 2086 976 2122 post
992 2081 1122 2113 Medic.
1140 2083 1171 2113 1.
1195 2084 1232 2111 ut
1257 2083 1424 2120 utrumque
1433 2089 1446 2117 ‚·
1469 2079 1599 2110 Medic.
1616 2081 1651 2112 2.

169 2126 206 2153 ut
220 2123 254 2155 in
269 2126 533 2165 utrumque—37
551 2124 685 2156 Novem
703 2124 805 2156 codd.
821 2124 965 2156 Torren.
980 2125 1014 2155 in
1028 2124 1176 2156 atterum.
1199 2123 1296 2155 Harl.
1313 2127 1350 2155 et
1367 2122 1467 2154 Leid.
1483 2125 1515 2155 4.
1530 2133 1550 2154 a
1563 2125 1651 2156 recto

170 2165 384 2199 itinera—38
406 2169 548 2208 Septem
576 2166 676 2199 codd.
703 2167 853 2199 Torren.
882 2176 962 2199 cum
987 2167 1078 2199 Dan.
1106 2167 1375 2207 excussioremque
1387 2177 1402 2204 ‚·
1424 2166 1554 2207 Ultraj.
1571 2167 1650 2198 1.2.

169 2211 455 2252 exmtioremque3
480 2210 577 2242 Harl.
595 2215 632 2242 et
647 2211 792 2242 Venett.
807 2219 1082 2252 excussere-mquam
1105 2210 1203 2242 Leid.
1219 2213 1252 2242 2.
1269 2214 1306 2242 et
1321 2209 1484 2242 Bitunl.
1508 2217 1652 2241 excum-

170 2255 334 2287 rem.—-39
358 2254 427 2286 Hic
457 2254 578 2296 incipit
602 2254 716 2295 Caput
742 2263 794 2286 lv.
817 2254 870 2286 De
885 2253 1031 2295 Astatia,
1052 2254 1086 2286 iu
1103 2253 1219 2286 Bitur.
1243 2256 1274 2287 l.
1303 2253 1412 2285 ceteri
1437 2252 1539 2285 codd.
1564 2252 1652 2283 hanc

842 2350 984 2384 NOTAE

217 2420 231 2454 t
249 2415 318 2449 An.
334 2416 384 2448 M.
400 2419 496 2449 3976.
520 2416 578 2449 01.
596 2418 672 2449 175.
688 2418 720 2448 3.
745 2416 831 2448 Urb.
843 2415 883 2449 C.
938 2416 1059 2458 donat,
1071 2419 1136 2450 &c.

172 2471 249 2501 675.
271 2468 357 2502 Ant.
381 2470 444 2503 Ch.
459 2472 514 2502 77.
982 2467 1002 2486 *
1018 2467 1086 2500 An.
1099 2468 1150 2499 M.
1168 2469 1266 2500 3840.
1288 2466 1348 2500 Ol.
1365 2468 1439 2499 141.
1454 2468 1486 2497 3.
1512 2463 1599 2496 Urb.
1613 2462 1657 2496 C.

216 2526 240 2542 ¹¹³
263 2521 423 2553 Nolanum
444 2520 599 2563 peditem]
630 2521 786 2552 Marsum
801 2518 886 2553 facit
939 2521 1015 2551 539.
1038 2517 1121 2551 Ant.
1138 2518 1201 2550 Ch.
1215 2521 1294 2550 213.

175 2572 395 2611 Plutarchus,
409 2577 445 2604 et
460 2571 625 2604 nobilem.
984 2574 999 2590 ⁰
1023 2570 1121 2602 Isiaci
1144 2567 1273 2609 habitu]
1303 2567 1408 2599 Isiaci
1434 2565 1539 2598 Isidis
1555 2566 1656 2596 erant

218 2626 234 2642 ¹²
258 2622 323 2653 Pro
338 2622 506 2664 tribunali]
537 2623 547 2640 ‘
565 2623 665 2654 Nunc
682 2622 814 2659 duces:
837 2622 887 2654 in·
941 2621 1166 2660 Sacerdotes,
1194 2620 1252 2661 qui
1284 2628 1348 2660 per
1372 2618 1487 2650 urbem
1506 2622 1542 2648 et
1559 2615 1655 2647 vicos

179 2672 265 2713 quit,
284 2674 293 2690 ‘
308 2673 441 2712 incuso,
457 2675 513 2717 qui
537 2674 644 2715 magis
662 2684 723 2715 pro
740 2683 801 2705 suo
818 2679 887 2705 stu-
942 2673 1059 2714 vagari
1075 2671 1247 2710 solebant,
1262 2676 1297 2701 et
1314 2670 1422 2701 obviis
1438 2668 1567 2709 futura,
1584 2676 1655 2699 mo-

178 2721 237 2754 dio
252 2722 398 2755 honores
411 2724 550 2763 habent,
563 2734 662 2766 qnam
678 2734 738 2766 pro
752 2724 890 2756 virtutis
942 2723 987 2755 do
1001 2722 1144 2754 daretur
1160 2721 1259 2761 assiu,
1275 2719 1478 2762 praedicere.

179 2774 326 2815 merito,'
339 2776 404 2808 διο.
430 2775 501 2807 Sub
514 2777 567 2808 liis
581 2776 684 2808 dictis
701 2777 749 2809 illi
762 2786 889 2819 equum

267 2829 388 2870 Delph.
402 2832 433 2862 et
456 2829 532 2862 Var.
552 2830 638 2861 Clus-
827 2830 896 2862 Vnt.
912 2829 1007 2862 Max.
1490 2825 1509 2857 2
1534 2822 1566 2854 X
