1878 3132
294 152 380 195 864
689 167 906 203 vAnERu·
930 170 1125 203 nAxmi
1162 172 1255 205 mn.
1278 173 1351 205 1x.

298 260 528 304 Numidae³
550 261 702 305 infidis
717 265 979 319 praecordiis
998 280 1126 310 suam
1147 269 1311 324 pariter
1331 274 1377 312 et
1396 271 1552 325 patriae
1571 271 1761 317 salutem

296 329 598 386 depositurus!
657 331 818 389 Itaque
849 336 1016 390 exiguo
1046 343 1274 381 momento
1306 339 1517 383 maximae
1537 340 1602 383 rei
1628 352 1762 385 casus

296 399 540 443 fluctuatus
569 405 674 453 est,4
701 406 846 445 utrum
876 405 1145 458 interfector,
1177 419 1232 449 an
1262 407 1498 463 captivusb
1534 408 1764 466 Scipionis

298 469 488 525 Syphax
505 474 520 499 ⁵
551 468 712 514 fieret?

353 539 398 581 2.
428 537 458 580 J
462 551 533 581 am
546 535 564 564 ⁶
595 537 646 583 C.
665 538 862 583 caesaris
883 553 1050 597 anceps
1071 547 1273 595 conatus,
1295 545 1382 587 etsi
1395 546 1645 594 coelestium
1657 557 1765 590 cura

298 610 530 663 protectus
553 611 636 660 est,
669 608 748 651 vix
770 613 922 653 tamen
944 612 1039 654 sine
1061 612 1194 656 animi
1225 613 1406 656 horrore
1427 614 1575 658 referri
1593 618 1764 671 potest.

300 675 533 732 Siquidem
573 677 819 732 impatiens
866 679 1092 735 legionum
1110 686 1126 704 ⁰
1166 681 1373 724 tardioris
1409 696 1439 726 a
1482 681 1767 726 Brundusio*

299 744 591 800 Apolloniam
611 746 839 803 trajectus,
860 762 941 804 per
961 750 1291 794 simulationem
1314 752 1517 795 adversae
1542 751 1767 796 valetudi-

298 815 371 856 nis
392 815 600 858 convivio
623 828 845 871 egressus,
861 817 1098 874 majestate
1113 832 1198 862 sua
1217 820 1368 863 servili
1379 823 1502 863 veste
1520 819 1766 871 occultata,

248 899 255 903 „
298 884 555 926 naviculam
576 885 854 938 conscendit,
889 891 935 930 et
960 900 985 929 e
1002 887 1210 930 flumine⁷
1238 888 1376 931 maris
1397 886 1622 931 Adriatici
1642 895 1768 932 sae'va

300 956 569 1008 tempestate
590 953 743 997 fauces
761 955 906 1010 petiit.
965 955 1270 1013 Protinusque
1292 957 1338 999 in
1359 957 1499 999 altum
1519 955 1649 1012 dirigi
1670 955 1768 1013 jus-

300 1035 353 1064 so
375 1022 573 1077 navigio,
590 1023 778 1067 multum
794 1037 849 1067 ac
866 1024 942 1067 diu
955 1025 1190 1068 contrariis
1202 1025 1404 1081 jactatus
1424 1024 1651 1077 fluctibus,
1670 1029 1768 1068 tan-

301 1090 403 1132 dem
424 1091 685 1134 necessitati
706 1093 907 1136 cessit.‘†

358 1162 399 1203 3.
430 1158 547 1215 Age,
581 1160 660 1202 illa
683 1174 818 1216 quam
849 1163 1117 1206 execrabilis
1148 1163 1344 1206 militum
1379 1161 1630 1206 temeritas!
1659 1160 1771 1206 fecit

302 1228 419 1271 enim
440 1233 492 1271 ut
513 1227 571 1271 A.
590 1227 784 1271 Albinus
799 1226 814 1253 f
839 1231 1088 1284 nobilitate,
1108 1232 1323 1283 moribus,
1341 1231 1557 1275 honorum
1575 1229 1770 1274 omnium

303 1407 437 1449 Gryph.
454 1411 491 1440 et
507 1407 626 1449 Steph.
647 1408 877 1450 respicere—3
893 1407 952 1441 Ita
965 1409 1113 1442 Torren.
1131 1408 1294 1451 restituit,
1308 1417 1386 1441 cum
1402 1406 1567 1440 Numidiae
1580 1404 1773 1439 edidissent
1838 1415 1839 1419 ¹

302 1452 404 1493 Pigh.
423 1451 535 1484 Coler.
550 1452 653 1493 Thys.
675 1457 712 1484 et
735 1452 917 1484 vorsu—4
940 1452 1084 1494 Pighius
1101 1451 1276 1494 fluctuavit
1299 1461 1343 1484 ex
1369 1450 1502 1483 duobus
1525 1448 1625 1483 codd.
1648 1447 1773 1482 contra

302 1504 420 1527 omnes
448 1495 531 1527 alios
559 1494 741 1527 libros—6
764 1496 774 1514 ‘
788 1495 846 1528 Ita
861 1495 1045 1528 Torrenius
1071 1496 1262 1538 rescripsit,
1286 1494 1514 1536 probantibus
1539 1492 1717 1526 oro-ovio
1735 1495 1774 1524 et

303 1538 486 1571 Perizonio
501 1550 511 1579 ;
526 1548 603 1570 nam
617 1539 757 1581 vulgata
769 1538 874 1571 lectio
886 1543 940 1571 est
953 1539 1138 1578 interfector
1150 1549 1190 1571 an
1206 1539 1347 1581 captivus
1361 1538 1470 1580 Scipio
1482 1535 1654 1587 Syphaciu
1670 1539 1774 1578 atque

302 1583 355 1615 ita
376 1582 537 1615 Vorstius
565 1582 686 1615 edidit.
731 1582 875 1625 Pighius
901 1586 939 1615 et
965 1583 1107 1616 Colerus
1132 1583 1272 1624 captivus
1292 1593 1333 1615 an
1358 1583 1457 1614 victor
1477 1580 1584 1623 scapio
1609 1578 1638 1612 S
1741 1577 1749 1586 ⁸
1766 1602 1775 1612 .

302 1626 460 1659 Torrenii
475 1626 579 1659 lectio
602 1626 743 1669 propius
770 1625 813 1659 ad
837 1626 1023 1659 lectionem
1049 1627 1214 1659 librorum
1238 1626 1389 1667 accedit,
1414 1628 1518 1667 atque
1538 1633 1615 1656 cum
1645 1621 1778 1656 ristona

303 1670 475 1702 convenit.
521 1670 639 1704 Quare
669 1670 773 1702 malui
802 1670 1003 1702 Torrenium
1036 1680 1139 1712 quam
1166 1669 1325 1712 Pighium
1362 1668 1481 1711 sequi!
1514 1668 1687 1709 Kana-6
1718 1665 1775 1698 Ita

305 1712 433 1746 Brand.
449 1716 481 1746 1.
496 1716 530 1746 2.
546 1717 625 1746 octo
641 1713 743 1746 codd.
757 1714 902 1746 Torren.
915 1723 992 1746 cum
1009 1714 1084 1746 aliis
1100 1713 1199 1756 Pigh.
1245 1714 1332 1746 Nam
1345 1712 1424 1744 edd.
1439 1715 1528 1744 vett.
1572 1710 1657 1742 Mox
1672 1712 1777 1741 tamen

303 1757 406 1788 vixin
421 1756 563 1794 iisdem:
585 1760 725 1789 attamen
746 1756 781 1789 in
797 1756 969 1789 nonnuliis
983 1757 1130 1790 Torren.
1155 1757 1209 1789 vel
1233 1767 1293 1789 non
1318 1760 1422 1789 tamen
1443 1755 1512 1795 vix,
1529 1757 1569 1786 ut
1582 1749 1706 1786 credas
1719 1751 1777 1784 vix

304 1810 349 1832 ex
366 1801 478 1842 glossa
493 1805 629 1841 ortnm;
651 1801 709 1833 vix
724 1804 829 1833 tamen
843 1801 911 1832 sine
925 1801 1052 1834 horrore
1074 1801 1173 1843 Mog.
1197 1808 1302 1833 more
1324 1800 1516 1841 Copes.-·⁷
1542 1797 1599 1830 Sic
1615 1795 1717 1838 Pigh.
1730 1804 1776 1828 ex

305 1844 420 1877 Pulm.
434 1849 471 1877 et
485 1844 561 1877 Sus.
577 1844 678 1877 codd.
695 1849 810 1877 tamen
826 1845 970 1878 Torren.
996 1848 1033 1877 et
1058 1844 1138 1879 edd.
1163 1848 1248 1877 vett.
1271 1854 1289 1876 e
1302 1843 1439 1886 flumine
1462 1843 1578 1874 ‹xa—8
1601 1838 1729 1881 Ultraj.
1743 1840 1773 1871 1.

972 1935 1115 1969 NOTAE

305 2001 449 2033 mendos
465 2002 638 2034 Romanos
650 2000 797 2043 parabat
810 2011 820 2041 ;
844 2010 921 2033 cum
934 2009 1015 2033 ven-

305 2058 343 2086 to
358 2053 616 2086 obsecundante
634 2058 770 2096 portum
794 2053 924 2096 regium
942 2053 1015 2086 Sci-

306 2104 363 2147 pio
391 2105 564 2147 ingressus
596 2110 662 2139 est.

307 2155 468 2189 diximus.
779 2177 788 2181 -

348 2207 364 2228 b
386 2209 439 2239 An
453 2206 607 2248 captivus,
619 2206 690 2248 ‹ij-a]
706 2207 837 2239 Postea
848 2206 939 2239 enim
956 2206 1017 2249 Sy-

306 2258 450 2302 phacem
463 2257 547 2290 vicit
558 2257 676 2300 Scipio
693 2268 703 2298 ;
717 2266 817 2300 quem
835 2257 863 2289 si
876 2256 1016 2300 Syphax

306 2309 522 2351 retinuisset,
545 2318 611 2342 nec
634 2309 677 2341 ab
701 2309 760 2341 illo
776 2309 887 2341 victus
913 2313 1019 2351 esset,

308 2370 373 2393 nec
389 2361 423 2393 in
434 2359 644 2402 triumphum
656 2359 794 2392 ductus.

352 2412 372 2431 *
399 2411 465 2443 An.
490 2413 591 2444 3848.
619 2411 678 2444 01.
702 2413 776 2443 143.
801 2413 831 2443 3.
862 2409 948 2443 Urb.
980 2410 1018 2443 C.

310 2465 386 2495 547.
403 2461 487 2496 Ant.
501 2462 564 2494 ch.
580 2464 655 2494 105.

355 2518 369 2534 θ
393 2513 567 2555 Impatiens
582 2512 753 2555 legionum]
770 2513 856 2546 Cum
871 2511 1019 2545 Bibulus

308 2563 426 2596 hostili
438 2563 551 2597 classe
576 2573 668 2596 mare
692 2568 842 2605 teneret,
857 2567 894 2596 et
910 2561 1019 2596 Anto-

310 2615 400 2657 nius,
418 2616 573 2658 quamvis
603 2615 716 2648 literis
731 2625 824 2658 saepe
845 2618 1024 2655 evocatus,

311 2676 378 2698 non
397 2666 549 2699 solveret
558 2666 763 2699 Brundusio.

356 2715 371 2737 ‘¹
398 2716 593 2758 Brundusio]
607 2717 700 2750 Urbs
717 2722 770 2750 est
784 2715 966 2757 Calabriae,
981 2715 1025 2748 ad

314 2777 407 2801 mare
442 2768 697 2802 Hadriaticum.
741 2769 809 2801 Via
836 2768 954 2810 Appia
984 2777 1025 2800 eo

736 2098 741 2103 ι
1070 2052 1186 2086 Hodie
1221 2052 1370 2086 Brindes.

721 2104 868 2147 Reliqua
909 2114 1016 2147 supra
1069 2108 1140 2136 tea.

1071 2011 1178 2044 nsque
1213 2000 1392 2044 perducta,
1421 2003 1458 2032 et
1502 2002 1606 2041 portu
1643 1994 1778 2029 nobilis.

1417 2051 1470 2083 De
1497 2047 1685 2093 Apollonia
1722 2056 1780 2079 an-

1116 2160 1130 2178 e
1149 2155 1285 2188 Tandem
1296 2152 1474 2187 necessitati
1488 2151 1598 2193 cessit]
1613 2150 1699 2183 Cum
1711 2148 1779 2181 vim

1073 2206 1233 2248 procellae
1258 2206 1469 2247 gubernator
1495 2204 1681 2241 metueret,
1706 2199 1782 2232 Cae-

1074 2266 1131 2290 sar
1143 2257 1360 2299 apprehensa
1380 2254 1469 2288 illius
1484 2253 1652 2286 dextera:
1674 2252 1684 2268 ⁸
1697 2250 1781 2283 Per—

1075 2307 1141 2350 ge‚'
1155 2308 1281 2350 inquit,
1302 2306 1467 2340 audacter
1489 2313 1618 2348 perge;
1642 2311 1707 2336 nec
1721 2310 1782 2334 ex-

1074 2359 1235 2392 timescas
1263 2358 1459 2401 quicquam,
1479 2357 1650 2390 Caesarem
1674 2353 1782 2394 vehis,

1074 2420 1115 2443 ac
1132 2410 1278 2443 Caesaris
1291 2408 1463 2442 fortunam
1485 2405 1715 2449 navigationis
1725 2413 1782 2437 co-

1074 2461 1206 2494 mitem.
1529 2469 1532 2472 ⁴

1118 2517 1133 2548 i
1157 2511 1224 2545 An.
1244 2512 1296 2545 M.
1309 2513 1408 2544 4006.
1423 2510 1481 2544 01.
1494 2511 1570 2542 188.
1587 2511 1619 2542 l.
1636 2505 1723 2540 Urb.
1740 2505 1781 2539 C.

1075 2565 1150 2596 705.
1166 2565 1248 2596 Ant.
1263 2563 1326 2595 Ch.
1338 2563 1393 2594 47.

1120 2611 1133 2634 t
1148 2613 1192 2646 A.
1210 2612 1362 2654 Albinus]
1381 2611 1432 2644 Ex
1448 2614 1551 2653 gente
1566 2608 1784 2649 Posfflumh,

1076 2665 1130 2697 vir
1142 2664 1345 2705 Praetorius,
1354 2668 1390 2696 et
1401 2663 1504 2705 Syuae
1517 2662 1551 2694 in
1566 2660 1657 2694 bello
1667 2660 1784 2694 sociali

1077 2717 1224 2758 legatus,
1236 2725 1278 2747 ex
1296 2715 1392 2747 Plut.
1414 2713 1513 2746 classi
1529 2709 1732 2752 Praefectus,
1747 2715 1784 2743 et

1081 2777 1102 2800 a
1130 2766 1296 2799 militibus
1312 2765 1356 2798 ob
1373 2762 1574 2807 proditionis
1589 2761 1717 2795 crimen
1734 2760 1785 2792 in·
