1878 3132
1518 160 1605 206 589

130 277 364 334 potestatis
382 276 555 320 viribus
574 272 746 327 fretus,f
782 273 1054 330 pertinacius
1089 275 1334 326 expeteret,
1370 270 1607 314 deductam

130 347 177 389 in
195 344 369 389 forum⁶
397 345 595 402 puellam
630 343 816 394 occidit,
848 341 1119 397 pudicaeque
1154 341 1427 391 interemtor,
1467 352 1607 395 quam

131 420 356 471 corruptae
373 418 501 470 pater
521 426 624 456 esse
643 412 828 455 maluit.†

185 484 230 527 3.
260 483 363 526 Nec
382 482 474 525 alio
492 482 652 524 robore
673 481 812 524 animi
844 477 1065 536 praeditus
1095 478 1179 521 fuit
1215 476 1408 520 Pontius
1428 476 1609 519 Aufidi-

134 564 263 604 anus,
289 563 429 607 eques
461 549 714 600 Romanus,
747 548 825 604 qui
858 552 1103 604 postquam
1142 547 1359 603 comperit
1389 545 1494 588 filiae
1516 558 1610 587 suae

133 620 430 675 virginitatem
450 631 478 661 a
497 617 750 674 paedagogo
780 617 1006 673 proditam
1027 616 1200 659 Fannio
1223 614 1499 665 Saturnino]
1520 625 1611 655 non

133 692 368 732 contentus
407 687 674 730 sceleratum
712 700 891 730 servum
931 685 1139 729 affecisse
1183 684 1426 740 supplicio,
1476 682 1612 725 etiam

132 756 282 812 ipsam
308 755 507 811 puellam
537 755 731 798 necavit.
791 754 952 810 Itaque
982 767 1041 797 ne
1057 753 1074 778 ⁸
1105 757 1258 809 turpes
1293 752 1334 808 ej
1343 765 1394 795 us
1428 751 1612 807 nuptias

136 825 394 876 celebraret,
415 825 604 867 acerbas
625 822 844 878 exequias
865 822 1010 865 duxit.

190 894 236 936 4.
267 893 389 946 Quid
408 892 463 934 P.
485 892 714 944 Maenius‚⁹
743 905 879 947 quam
899 903 1105 934 severum
1124 889 1362 946 pudicitiae
1379 886 1612 932 custodem

137 962 251 1017 egit!
297 961 353 1004 In
371 960 577 1004 libertum
595 973 790 1016 namque
821 964 995 1015 gratum
1016 959 1260 1002 admodum
1293 957 1382 1001 sibi
1412 956 1611 1000 animad-

137 1030 288 1082 vertit,
322 1030 432 1085 quia
468 1042 574 1072 eum
607 1029 773 1071 nubilis
806 1028 903 1084 jam
937 1028 1086 1071 aetatis
1124 1028 1231 1070 filiae
1277 1040 1373 1070 suae
1406 1026 1614 1069 osculum

137 1098 318 1142 dedisse
339 1102 630 1152 cognoverat;
661 1110 764 1140 cum
785 1098 1035 1152 praesertim
1049 1110 1140 1139 non
1160 1096 1361 1147 libidine,
1378 1095 1457 1138 sed
1469 1107 1615 1137 errore

139 1167 297 1224 lapsus
316 1165 456 1210 videri
484 1171 656 1222 posset.
717 1165 926 1209 Ceterum
955 1166 1245 1209 amaritudine
1266 1177 1432 1220 poenae,
1453 1163 1616 1206 teneris

138 1236 284 1280 adhuc
324 1236 488 1291 puellae
522 1235 742 1287 sensibus,
773 1235 997 1278 castitatis
1037 1235 1326 1290 disciplinam
1364 1231 1615 1288 ingenerari

137 1305 287 1361 magni
306 1305 576 1349 aestimavit:
606 1304 740 1359 eique
771 1308 863 1346 tam
881 1303 1003 1345 tristi
1033 1303 1248 1358 exemplo
1268 1301 1503 1357 praecepit,
1534 1305 1547 1322 ⁶
1564 1303 1616 1341 ut

137 1387 226 1416 non
246 1374 395 1417 solum
413 1373 712 1427 virginitatem
731 1372 970 1424 illibatam,
987 1371 1067 1414 sed
1079 1371 1215 1417 etiam
1229 1371 1388 1414 oscula
1402 1370 1459 1412 ad
1472 1370 1616 1412 virum

141 1443 316 1487 sincera
332 1441 570 1499 perferret?

574 176 686 210 cAn.
709 174 740 209 1·.
774 176 839 209 DE
871 174 1149 209 Punlcr'rlA.

756 1541 933 1555 ΟΟΟΌΜΟΙ
937 1541 996 1555 ‘00

142 1611 433 1649 contaminor-etun
455 1618 499 1642 ex
507 1608 632 1652 putida
648 1610 782 1652 glossa:
803 1611 980 1652 Kapp.—6
1003 1608 1137 1652 Lipsius
1153 1608 1256 1651 legit,
1270 1609 1430 1640 seductam
1442 1607 1617 1647 insero.—

143 1660 162 1688 7
185 1656 245 1688 Sic
268 1656 354 1688 Mas.
370 1659 407 1687 et
423 1654 524 1686 editt.
554 1654 651 1695 Mog.
675 1659 712 1686 et
738 1654 820 1686 Vet.
859 1654 948 1686 Aliae
976 1658 1058 1685 aute
1082 1652 1256 1694 Pighinm,
1283 1651 1407 1684 Fannio
1432 1650 1620 1684 Saturnino.

145 1699 349 1732 Perizonius
371 1697 576 1740 adscripsit:
600 1695 693 1729 forte
722 1697 837 1738 Valgia
863 1698 918 1729 vel
944 1696 1057 1729 Sentio
1083 1696 1337 1728 Satumino.—8
1361 1695 1480 1736 Longe
1504 1694 1619 1735 major

146 1752 225 1785 pars
241 1741 344 1774 codd.
360 1741 504 1773 Torren.
517 1750 594 1772 cum
607 1740 687 1772 edd.
704 1741 812 1782 antiq.
829 1741 883 1772 Ita
895 1750 944 1781 ne,
957 1741 1015 1781 ξε.
1058 1740 1094 1772 Si
1110 1740 1222 1780 Itaque
1237 1737 1456 1770 retinendum
1464 1745 1621 1779 exponas

146 1796 224 1818 cum
251 1784 432 1817 Perizonio
455 1785 465 1801 ‘
477 1783 596 1824 Atque
623 1783 762 1816 ita.’—9
785 1784 899 1822 Bitur.
916 1784 1016 1825 prim.
1045 1783 1183 1820 Quintus
1196 1791 1387 1823 premenena.
1402 1779 1501 1813 Leid.
1517 1781 1620 1822 prim.

144 1834 258 1871 quart.
281 1827 407 1870 Ultraj.
433 1836 503 1859 sec.
533 1826 600 1859 Ed.
628 1827 724 1869 Mog.
750 1827 944 1860 Primenius.
961 1828 1011 1859 sic
1028 1826 1143 1858 Periz.
1161 1825 1219 1857 sed
1236 1834 1369 1857 eranum
1383 1824 1415 1855 ri
1431 1824 1481 1856 ita
1496 1829 1565 1864 est,
1581 1829 1622 1856 ut

145 1873 221 1914 ejus
248 1877 364 1904 tamen
389 1875 510 1903 extent
536 1870 693 1912 vestigia.
719 1870 818 1902 Leid.
845 1875 930 1902 tert.
954 1870 1066 1912 quint.
1085 1875 1122 1901 et
1137 1873 1226 1910 sept.
1247 1867 1440 1909 prememus.
1484 1866 1555 1899 Sed
1576 1867 1620 1899 -in

145 1921 234 1958 sept.
248 1924 310 1957 pro
327 1914 448 1948 v-le.
464 1914 604 1947 Meuius.
649 1914 737 1956 Cop.
754 1918 790 1946 et
807 1913 864 1946 alii
880 1913 924 1946 P.
942 1913 1068 1946 Merius
1091 1917 1131 1946 ut
1157 1912 1326 1944 edebatur
1350 1920 1372 1943 a
1394 1910 1511 1943 multis
1536 1915 1619 1943 ante

812 2018 956 2053 NOTAE

187 2096 202 2118 ἵ
220 2097 397 2129 Potestatie
409 2095 530 2130 viribus
543 2096 668 2139 fretus]
684 2097 768 2130 Cum
785 2097 851 2130 vir-

144 2149 261 2191 ginem
292 2148 454 2190 precibus
475 2148 742 2191 muneribusque
766 2147 852 2180 frus-

145 2204 202 2232 tra
223 2209 318 2242 aaepe
334 2204 518 2242 tentasset,
534 2199 715 2233 Claudium
738 2200 852 2232 nescio

142 2261 245 2294 quem
278 2251 443 2283 clientem
469 2260 567 2283 suum
593 2251 770 2292 subornat,
793 2250 853 2293 qui

143 2312 220 2335 eam
243 2300 322 2334 ffliae
348 2311 420 2333 suae
442 2301 600 2334 ancillam
629 2311 706 2334 esse
736 2301 851 2343 palam

146 2352 307 2395 affirmet,
323 2357 360 2386 et
382 2352 418 2384 in
444 2353 649 2386 servitutem
672 2352 851 2393 vindicet3

143 2405 198 2438 bis
224 2414 328 2438 causa
356 2403 515 2437 defertur
542 2404 585 2437 ad
609 2405 849 2446 Triumvirum‚

145 2457 268 2499 bisque
284 2455 432 2490 Claudio
453 2455 575 2489 clienti
588 2455 624 2487 in
649 2456 852 2488 servitutem

145 2508 273 2549 datur;
305 2513 342 2540 at
372 2516 417 2539 ne
443 2506 678 2540 abduceretur
713 2506 852 2539 obstitit

147 2559 295 2600 primum
318 2557 478 2599 populus,
491 2556 618 2589 deinde
635 2555 776 2598 virginis
791 2566 852 2598 pa-

143 2613 212 2648 ter,
228 2608 288 2650 qui
312 2607 463 2640 monitus
486 2617 505 2640 e
527 2607 651 2641 castris
677 2608 711 2639 in
735 2607 854 2640 urbem

146 2658 299 2698 advolat,
325 2658 482 2700 petitque
520 2669 541 2692 a
562 2658 785 2700 Magistratu,
813 2662 854 2690 ut

149 2709 253 2741 filiam
281 2714 438 2742 extremo
462 2710 613 2743 salutare
645 2709 709 2741 sibi
738 2709 855 2749 liceat,

149 2766 186 2795 et
201 2759 264 2793 soli
288 2770 365 2793 cum
380 2761 453 2796 sola
474 2761 644 2804 colloqui:
665 2766 737 2794 tum
759 2761 854 2793 illam

907 2096 1034 2129 sensim
1050 2095 1093 2128 ad
1118 2093 1287 2127 officinam
1310 2090 1543 2135 coquinariam
1559 2089 1620 2122 ab·

907 2147 1021 2188 ducit,
1044 2151 1252 2189 raptumque
1280 2154 1299 2176 e
1323 2153 1442 2176 mensa
1469 2142 1620 2175 cultrum

907 2208 971 2240 per
986 2197 1067 2230 filiae
1095 2202 1221 2239 pectus
1245 2195 1368 2238 adigit,
1393 2195 1459 2227 hoc
1485 2197 1620 2226 tantum

907 2247 1056 2282 effatus:
1091 2250 1101 2266 ‘
1118 2248 1276 2280 Liberam
1302 2251 1352 2287 te,
1377 2244 1624 2288 pudicamque,

906 2298 988 2339 filia,
1004 2298 1048 2331 ad
1064 2298 1212 2340 majores
1228 2296 1292 2330 sub
1308 2301 1438 2329 terram
1453 2294 1622 2334 demitto;

907 2350 1039 2384 viventi
1056 2350 1148 2382 enim
1161 2349 1286 2382 horum
1308 2350 1468 2380 neutrum
1484 2355 1548 2388 per
1564 2348 1618 2386 ty-

906 2411 1052 2434 rannum
1074 2399 1253 2434 licuisset!
1297 2398 1387 2431 Inde
1402 2401 1480 2430 orta
1494 2397 1619 2438 ingens

907 2453 1051 2493 seditio;
1075 2451 1227 2494 depositi
1250 2449 1448 2490 Triumviri,
1478 2447 1536 2480 alii
1562 2456 1622 2479 oc·

908 2504 984 2545 cisi,
999 2503 1059 2536 alii
1073 2503 1111 2535 in
1127 2502 1245 2544 fugam
1263 2501 1346 2541 acti,
1362 2499 1528 2541 factaque
1544 2497 1619 2539 ple-

908 2556 962 2588 bis
986 2555 1020 2587 iu
1046 2559 1198 2588 montem
1219 2553 1432 2586 Aventinum
1455 2548 1619 2583 secessio.

908 2608 969 2641 Ita
981 2606 1098 2640 Livius
1109 2606 1170 2638 lib.
1186 2614 1247 2637 ιιι.

952 2662 967 2693 t
984 2658 1051 2691 An.
1068 2658 1120 2689 M.
1141 2658 1238 2688 3606.
1261 2653 1319 2687 Ol.
1341 2656 1394 2687 83.
1411 2656 1443 2688 1.
1466 2651 1553 2686 Urb.
1577 2650 1619 2684 C.

910 2712 985 2742 305.
1008 2708 1094 2741 Ant.
1111 2706 1174 2740 Ch.
1188 2707 1266 2739 447.
