1878 3132
477 167 584 201 cAP.
607 165 724 200 xm.
758 166 823 199 DE
856 164 1166 199 commui-s
1199 166 1344 199 virm.
1557 154 1636 198 891

227 264 272 309 Β.
304 264 413 307 Hoc
444 277 546 318 rege
577 262 795 306 infelicior
808 260 843 287 ¹⁶
884 259 1197 304 Alexander-:⁸
1237 261 1368 316 cujus
1395 261 1646 316 praecordia

169 332 275 376 hinc
304 345 444 384 amor,
483 332 586 374 hinc
617 337 766 373 metus
797 333 1034 373 torserunt.
1095 329 1215 372 Nam
1248 342 1350 371 cum
1384 329 1556 372 infinito
1577 344 1646 373 ar-

170 399 277 444 dore
290 406 324 434 ¹⁷
355 399 564 456 conjugis
595 398 773 442 Thebes
792 400 1025 448 teneretur,
1065 397 1123 439 ad
1150 397 1334 439 eandem
1356 410 1417 439 ex
1437 399 1582 453 epulis
1600 399 1646 441 in

170 470 427 513 cubiculum
467 468 669 519 veniens,
716 467 952 510 barbarum
988 468 1304 520 compunctum
1336 466 1458 507 notis
1494 466 1648 509 Threi·

170 538 258 581 ciis
271 537 306 563 ¹⁸
339 537 495 580 stricto
514 535 664 590 gladio
682 534 878 591 jubebat
898 533 1088 576 anteire:
1119 545 1203 575 nec
1223 532 1346 587 prius
1364 547 1414 575 se
1434 534 1600 576 ibidem
1614 540 1650 568 ¹⁹

108 592 112 595 ¹
168 606 292 650 lecto
330 604 658 655 committebat,
701 616 835 659 quam
874 615 903 644 a
938 602 1232 657 stipatoribus
1265 600 1503 655 diligenter
1531 606 1650 645 esset

169 677 423 718 scrutatus*
483 671 772 727 Supplicium
792 670 908 713 irato
930 669 1127 712 Deorum
1141 669 1320 711 numine
1337 670 1649 724 compositum,

168 755 313 798 neque
331 740 521 792 libidini,
540 753 686 796 neque
706 739 854 782 timori
874 751 1013 795 posse
1034 739 1270 794 imperare.
1331 735 1476 792 Cujus
1501 739 1651 780 timori

169 807 326 850 eadem
362 812 411 850 et
445 821 601 860 causa,
635 812 681 850 et
714 807 817 850 finis
847 807 947 849 suit.
1006 805 1319 850 Alexandrum
1349 805 1467 847 enim
1496 805 1651 848 Thebe

168 875 411 931 pellicatus
430 877 499 920 ira
515 880 635 920 mota
654 876 891 919 interemit.

227 944 271 987 4.
301 943 416 1000 Age,
437 945 688 1001 Dionysius
708 945 1096 1001 Syracusanorum
1116 948 1333 1000 tyrannus
1352 942 1652 999 hujusce‘tor-

169 1012 314 1058 monti
326 1016 365 1037 ²⁰
393 1026 532 1068 quam
550 1015 686 1066 longa
704 1012 883 1055 fabula!
914 1012 994 1068 qui
1018 1009 1488 1068 duodequadragintaf
1511 1024 1652 1054 anno-

168 1092 268 1122 rum
305 1080 658 1125 dominationem
697 1081 744 1123 in
784 1081 904 1123 hunc
942 1080 1127 1123 modum
1163 1081 1349 1136 peregit.
1410 1079 1653 1123 Summotis

170 1148 332 1193 amicis
366 1149 414 1192 in
434 1164 586 1193 eorum
606 1150 757 1193 locum
790 1148 1168 1192 ferocissimarum
1202 1149 1403 1203 gentium
1431 1148 1652 1200 homines,

170 1221 217 1259 et
236 1230 266 1260 a
282 1217 471 1261 familiis
490 1219 766 1275 locupletum
786 1219 954 1262 electos
985 1217 1260 1274 praevalidos
1279 1230 1449 1268 servos,
1486 1218 1653 1273 quibus

170 1284 314 1329 latera
347 1300 430 1330 sua
461 1287 779 1339 committeret,
815 1287 1048 1330 substituit
1064 1300 1076 1330 ε
1092 1291 1126 1312 ²¹
1171 1289 1494 1341 tonsorumque
1515 1289 1653 1337 metu,

170 1353 358 1398 tondere
390 1355 508 1399 filias
544 1369 654 1399 suas
692 1356 858 1399 docuit.
920 1354 1127 1408 Quarum
1159 1355 1376 1410 ipsarum,
1413 1358 1654 1410 postquam

171 1421 341 1467 adultae
369 1426 493 1469 aetati
528 1425 972 1481 appropinquabant,
992 1424 1199 1467 manibus
1224 1422 1388 1465 ferrum
1408 1436 1495 1465 non
1515 1436 1653 1465 ausus

171 1490 469 1545 committere,
490 1493 701 1543 instituit,
729 1497 789 1537 ut.
807 1491 1090 1536 candentium
1118 1490 1432 1548 juglandiumss
1459 1491 1654 1546 putami-

171 1559 306 1603 nibus
322 1564 359 1584 ²²
388 1562 578 1605 barbam
613 1562 702 1605 sibi
732 1565 779 1605 et
806 1561 1025 1618 capillum
1059 1558 1329 1604 adurerent?
1400 1560 1502 1603 Nec
1523 1572 1653 1602 secu-

789 1669 1038 1684 me‘m

174 1745 217 1776 16
241 1742 364 1776 Heins-
380 1743 424 1776 ad
441 1744 548 1778 Ovid.
563 1745 668 1778 Trist-
684 1753 738 1779 lv.
751 1748 783 1779 1.
794 1749 850 1779 21.
865 1744 940 1788 (ed.
955 1748 1086 1778 nostrae
1103 1754 1138 1786 p.
1152 1743 1270 1787 4008.)
1286 1754 1329 1776 ex
1344 1743 1447 1777 codd.
1462 1743 1532 1776 suis
1546 1743 1653 1786 legit:

173 1786 249 1820 Hoc
261 1796 336 1828 rege
350 1788 583 1827 iniseriam—17
607 1790 734 1831 copes.
758 1795 795 1822 et
811 1789 910 1823 Leid-
926 1792 959 1822 5.
983 1788 1113 1828 infinito
1127 1790 1334 1821 amora—18
1358 1787 1491 1820 Thracis
1505 1788 1655 1820 Colmar.

174 1835 212 1863 et
227 1831 383 1863 nonnulli
400 1832 502 1864 codd.
513 1833 659 1865 Torren.
699 1833 857 1873 Thraciis,
871 1833 926 1864 vel
944 1832 1078 1864 Thracis
1091 1832 1126 1864 in
1142 1831 1216 1863 aliis
1232 1831 1402 1874 ejusdem,
1421 1836 1458 1864 et
1473 1831 1605 1863 Brand.
1621 1834 1654 1862 l.

173 1875 207 1908 2.
246 1873 358 1906 Ττασίε
369 1874 428 1906 alii
442 1875 548 1908 etiam
563 1876 709 1909 Torren.
751 1876 910 1909 Threiciis
923 1875 1027 1908 codd.
1042 1875 1167 1908 Heius.
1193 1885 1294 1917 quem
1312 1874 1390 1906 vide
1406 1874 1449 1906 ad
1467 1874 1573 1907 Ovid.
1587 1875 1610 1906 l.
1622 1883 1655 1906 c.

173 1918 262 1949 —19
285 1917 342 1949 Ita
358 1917 524 1959 Pighius3
540 1919 624 1952 idem
639 1920 673 1952 in
697 1923 777 1952 octo
791 1921 939 1952 Torren.
959 1923 996 1951 et
1011 1918 1092 1951 edd.
1109 1922 1196 1951 vett.
1212 1918 1312 1951 eidem
1327 1917 1423 1950 Leid.
1438 1920 1559 1950 6.-—2o
1581 1918 1656 1950 Bit.

173 1959 283 1994 Barb.
299 1961 399 2001 prim.
418 1962 506 2004 Cop.
529 1963 740 2002 hidmemodi
755 1962 917 1996 tormenti.
954 1962 1086 2003 Ultraj.
1115 1962 1215 2003 prim.
1237 1971 1329 2003 quam
1351 1962 1477 2001 longam
1495 1960 1656 2000 fabulam.

174 2003 264 2035 Mox
286 2003 359 2037 Bit.
385 2005 486 2046 prim.
509 2007 641 2038 duorum
651 2010 684 2039 et
697 2007 912 2048 quadraginta
921 2015 935 2044 ,·
949 2005 1043 2038 Leid.
1059 2005 1170 2047 quint.
1184 2005 1316 2036 duorum
1332 2014 1373 2036 ex
1383 2004 1655 2046 quadraginta.—

172 2048 215 2079 21
239 2046 342 2089 Pigb.
367 2048 463 2090 Lips.
479 2053 517 2080 et
532 2049 647 2082 Coler.
662 2049 832 2087 sabaim,-
856 2049 1012 2081 nonnulli
1028 2048 1133 2080 codd.
1151 2058 1228 2080 cum
1246 2047 1523 2080 Venmbstinuit.
1568 2048 1656 2079 Mox

172 2092 333 2122 tonsorum
345 2101 464 2134 quoque
479 2092 600 2125 Vorst.
613 2096 650 2125 et
663 2094 808 2125 Torren.
825 2103 869 2125 ex
882 2092 1015 2124 Brund.
1032 2095 1062 2123 l.
1076 2095 1109 2125 2.
1126 2096 1163 2124 et
1178 2090 1337 2123 undecim
1354 2091 1441 2131 aliis,
1455 2100 1532 2123 cum
1549 2090 1657 2122 Aldd.

174 2132 286 2166 Colin.
300 2133 436 2176 Grypb.
450 2140 486 2167 et
499 2135 621 2177 steph.
638 2137 673 2168 in
688 2137 814 2179 quibus
828 2139 978 2179 quatuor
994 2134 1074 2167 edd.
1091 2135 1195 2167 etiam
1211 2134 1347 2174 edocuit,
1358 2143 1487 2176 quarum
1501 2134 1657 2175 ipsarum,

172 2179 353 2219 potquam,
365 2180 421 2219 ὅτ.
458 2178 599 2219 Pighius
610 2180 751 2221 ipsarum
766 2179 953 2221 expunxit,
969 2188 1118 2222 eumque
1132 2178 1245 2210 secuti
1259 2182 1340 2209 sunt
1355 2178 1471 2210 Coler.
1486 2183 1523 2209 et
1537 2177 1655 2209 Vorst.

173 2220 353 2253 revocavit
367 2222 514 2254 Torren.
534 2223 724 2256 secundum
748 2223 850 2255 codd.
877 2222 1148 2255 tredecim—22
1179 2220 1236 2253 lta
1259 2220 1363 2262 Pigh.
1389 2230 1432 2252 ex
1459 2220 1626 2253 Cicerone
1645 2229 1655 2251 :

173 2261 287 2296 Aldus
300 2273 383 2296 vero
393 2265 615 2306 :juglandium
626 2270 683 2299 aut
693 2276 806 2299 nucum
813 2265 1032 2308 putaminibus
1037 2275 1051 2303 ,·
1066 2265 1157 2297 Dan.
1171 2274 1284 2296 nucum
1290 2264 1496 2305 juglandium
1506 2274 1519 2301 ‚·
1534 2263 1658 2295 Vorst-

843 2370 875 2403 N
880 2369 985 2403 01¹AE

216 2446 231 2464 0
257 2441 456 2486 Alexander]
488 2445 669 2487 Pher-aeus,
694 2456 715 2478 a
740 2446 889 2479 Pheraea
943 2450 1016 2479 tum
1032 2454 1101 2477 non
1115 2444 1159 2476 ad
1171 2442 1315 2476 verbum
1327 2451 1371 2475 ex
1382 2442 1547 2475 Cicerone
1555 2441 1657 2475 Tusc.

174 2494 331 2534 civitate,
367 2495 426 2527 ubi
463 2496 684 2538 imperabat:
724 2497 816 2529 unde
852 2498 887 2529 in
943 2496 1004 2529 lib.
1022 2505 1057 2528 v.
1074 2495 1254 2527 desumtus
1271 2498 1336 2525 est.

173 2545 354 2578 Thessalos
366 2555 484 2579 omnes
496 2557 662 2579 summam
678 2553 889 2590 potestatem
986 2552 1002 2575 ⁸
1023 2544 1251 2587 Juglandium]
1285 2544 1365 2576 Sive
1393 2553 1413 2575 Β
1436 2543 1594 2585 31178000
1619 2547 1657 2576 et

174 2595 241 2627 sibi
256 2595 455 2630 vindicavit.
945 2598 1082 2640 glande,
1105 2602 1143 2629 nt
1168 2596 1308 2628 videtur
1335 2595 1471 2635 Nonio;
1505 2596 1589 2635 sive,
1617 2600 1658 2627 ut

219 2653 234 2687 ss
252 2646 317 2679 An.
334 2648 385 2680 M.
402 2651 501 2682 3692.
525 2650 584 2683 Ol.
602 2653 678 2684 104.
692 2654 725 2683 3.
749 2650 835 2683 Urb.
848 2650 889 2684 C.
944 2650 1020 2682 vult
1029 2648 1180 2681 Gravius
1192 2646 1460 2688 Bassus,aJove
1470 2651 1507 2678 et
1519 2645 1658 2687 glande,

176 2701 253 2730 391.
278 2697 360 2731 Ant.
377 2699 440 2732 Cli.
457 2702 532 2733 861.
945 2699 1041 2741 quasi
1068 2697 1168 2732 Jovis
1195 2698 1306 2740 glans,
1324 2697 1466 2739 juglans
1492 2696 1652 2729 dicatur:

218 2747 230 2770 ¹
249 2749 589 2794 Duodequadraginta]
618 2752 688 2785 Hic
704 2753 800 2785 locus
816 2755 890 2784 tan·
943 2750 1036 2783 illius
1049 2754 1146 2783 certe
1161 2748 1350 2792 putamina,
1361 2757 1403 2781 eo
1413 2746 1502 2790 quod
1517 2747 1659 2790 pinguia
