1878 3132
306 160 393 204 738
692 170 903 203 visuntur
934 171 1131 203 MAxmr
1163 171 1258 203 mn.
1284 169 1391 213 viu.

307 271 434 310 tur.2⁹
508 266 657 321 Magis
694 280 802 322 ergo
842 265 1051 311 Valerius
1063 272 1101 301 ²⁹
1150 267 1196 310 in
1237 266 1449 310 Cosconii
1487 269 1767 313 absolutione

307 335 561 387 damnatus,
582 348 716 391 quam
737 335 990 378 Cosconius
1010 336 1055 378 in
1077 347 1218 378 causa
1235 349 1318 378 sua
1335 335 1550 378 liberatus
1568 342 1651 382 est.

350 405 406 447 ’9.
437 404 671 459 Attingam
695 417 775 447 eos
804 417 981 460 quoque
1001 416 1187 459 quorum
1214 404 1353 455 saluS,
1382 403 1578 459 propriis
1607 405 1768 448 obruta

308 472 579 524 criminibus,
603 473 905 528 proximorum
938 472 1130 515 claritati
1165 471 1328 514 donata
1358 476 1439 514 est.
1499 470 1558 513 A.
1578 470 1768 515 Atilium

307 539 639 593 Calatinum‚³0r
667 541 938 584 Soranorum
972 539 1154 595 oppidi³
1187 539 1435 594 proditione
1465 552 1587 582 reum
1613 539 1768 582 admo-

306 609 414 652 dum
444 610 671 661 infamem,
707 608 978 653 imminentis
1008 607 1305 650 damnationis
1326 607 1525 662 periculo
1553 605 1612 659 Q.
1633 606 1770 650 Max-

305 678 385 720 imi
416 678 562 721 soceri
574 683 606 709 ³¹
637 690 784 733 pauca
805 677 940 719 verba
966 677 1303 718 subtraxerunt:
1333 675 1497 731 quibus
1517 674 1767 726 affirmavit,

306 749 320 768 ‘
340 746 382 789 si
401 746 449 789 in
467 760 521 789 eo
543 746 726 790 crimine
751 749 927 789 sontem
957 745 1078 787 illum
1106 744 1204 798 ipse
1233 743 1538 798 comperisset,
1559 743 1768 786 diremtu-

305 827 403 856 rum
419 818 453 845 ³²
484 827 535 856 se
554 814 695 857 fuisse
715 812 1006 856 affinitatem?
1064 811 1290 854 Continuo
1320 812 1435 855 enim
1456 811 1653 866 populus
1674 824 1767 867 pae-

303 897 359 925 ne
373 883 470 938 Jam
491 882 773 938 exploratam
793 881 1062 926 sententiam
1081 893 1207 924 suam
1231 881 1366 923 unius
1380 879 1561 935 judicio
1578 893 1765 924 conces-

305 953 385 997 sit:
413 951 643 1007 indignum
673 953 795 994 ratus
821 949 920 1006 ejus
952 949 1207 992 testimonio
1238 961 1327 991 non
1347 948 1541 1000 credere,
1559 948 1634 991 cui
1653 948 1767 991 diffi-

304 1021 482 1064 cillimis
501 1019 759 1075 reipublicae
788 1018 1060 1073 temporibus
1089 1018 1202 1059 bene
1224 1029 1272 1059 se
1292 1015 1516 1061 exercitus
1550 1015 1765 1061 credidis-

305 1102 356 1132 se
370 1094 402 1121 ³³
432 1087 722 1131 meminerat?

363 1158 433 1200 10.
465 1157 530 1200 Μ.
564 1169 747 1213 quoque
782 1154 995 1202 AEmilius,
1026 1154 1239 1205 Scaurus,
1272 1152 1615 1209 repetundarum
1651 1164 1766 1203 reus,

305 1226 420 1270 adeo
454 1226 673 1282 perditam
707 1230 755 1268 et
789 1223 1105 1279 comploratam
1143 1221 1442 1265 defensionem
1470 1221 1514 1263 in
1546 1219 1765 1276 judicium

304 1294 471 1346 attulit,
503 1299 568 1346 ut,
601 1297 752 1336 cum³4
780 1293 1018 1335 accusator
1036 1290 1218 1341 diceret,
1238 1290 1358 1344 ‘lege
1379 1289 1465 1331 sibi
1497 1293 1672 1331 centum
1702 1292 1766 1331 at-

304 1377 393 1419 que
413 1363 570 1418 viginti
599 1362 855 1405 hominibus
885 1359 1148 1403 denuntiare
1183 1357 1489 1400 testimonium
1518 1357 1665 1407 licere,
1695 1369 1765 1398 se-

302 1445 389 1487 que
408 1445 494 1475 non
512 1443 716 1474 recusare
737 1442 825 1485 quo
844 1427 990 1470 minus
1016 1426 1332 1476 absolveretur,
1354 1425 1395 1467 si
1427 1424 1609 1471 totidem
1628 1424 1766 1466 nomi-

302 1504 471 1552 nasset,
491 1499 655 1555 quibus
673 1498 720 1540 in
734 1497 964 1554 provincia
982 1495 1089 1537 nihil
1103 1492 1397 1544 abstulisset‚'
1413 1497 1503 1536 tam
1522 1492 1640 1534 bona
1659 1503 1764 1533 con-

302 1569 470 1611 ditione
489 1567 554 1610 uti
586 1580 674 1610 non
694 1566 940 1621 potuerit.³⁵
999 1563 1167 1606 Tamen
1201 1566 1386 1618 propter
1414 1559 1764 1604 vetustissimam

915 1673 1153 1687 &huncum

302 1749 409 1784 texit-³
432 1750 668 1783 Torren.-29
691 1748 818 1790 Copes.
844 1747 970 1789 Ultraj.
996 1746 1097 1788 prim.
1121 1745 1219 1778 Harl.
1243 1743 1315 1776 Bit.
1336 1747 1373 1776 et
1396 1742 1500 1777 Barb.
1525 1741 1638 1784 primi,
1661 1741 1765 1782 magis

300 1804 373 1826 vero
387 1794 543 1827 Valerius.
578 1792 705 1834 Ultraj.
719 1801 789 1824 sec.
812 1791 847 1823 in
861 1801 948 1823 suam
962 1800 1100 1822 causam.
1126 1787 1250 1830 Ultraj.
1264 1787 1360 1829 prim.
1375 1786 1410 1818 in
1423 1794 1479 1818 sua
1493 1795 1586 1818 causa
1599 1786 1765 1818 damnatae

299 1839 448 1871 ‹mh—30
481 1836 689 1868 Praenomen
717 1835 761 1868 A.
789 1834 888 1867 deest
917 1833 952 1865 in
982 1832 1152 1865 nonnullis
1181 1831 1282 1863 codd.
1314 1830 1364 1862 M.
1391 1828 1530 1861 Atilium
1559 1826 1666 1861 Barb.
1688 1829 1764 1860 1.—

301 1883 340 1912 31
367 1879 493 1921 Ultraj.
509 1883 542 1912 2.
568 1884 605 1912 et
619 1879 714 1920 Mog.
740 1878 782 1915 Q.
812 1877 906 1909 Fabii
929 1876 1071 1909 Maximi
1093 1885 1120 1908 s.
1145 1874 1216 1912 sut]
1240 1872 1336 1906 Leid.
1353 1875 1385 1905 2.
1408 1870 1507 1904 addit
1529 1871 1635 1904 etiam
1659 1869 1764 1902 oui.—

300 1926 344 1955 32
367 1923 425 1955 Sic
440 1922 583 1964 Pighius
600 1917 772 1963 pro'vulg.
787 1920 994 1962 direpturum,
1017 1918 1108 1962 qiiod
1125 1922 1222 1950 extat
1237 1916 1271 1948 in
1287 1915 1440 1958 plurimis
1466 1912 1568 1948 codd.
1591 1913 1652 1946 aed
1678 1913 1764 1945 alte-

300 1976 374 1998 rum
390 1966 424 1998 in
441 1966 566 2008 Copes.
592 1965 716 2007 Ultraj.
729 1968 760 1997 2.
783 1962 914 1996 Medic.
930 1965 964 1995 2.
990 1962 1098 1995 tribus
1126 1959 1250 1993 Leidd.
1266 1964 1302 1991 et
1317 1958 1415 1999 Mog.
1453 1955 1636 1991 videndus
1651 1962 1686 1991 et
1701 1953 1762 1989 Gi-

300 2008 371 2042 fan.
409 2008 489 2042 Iud.
517 2010 619 2043 Luer.
645 2018 680 2050 p.
706 2010 870 2041 atim—33
897 2006 1022 2048 Ultraj.
1048 2009 1077 2038 1.
1100 2004 1337 2037 creditum—34
1360 2001 1370 2019 ‘
1394 2000 1535 2042 Pighius
1562 1999 1670 2035 tacite
1694 2009 1765 2031 cum

300 2052 426 2093 omisit,
451 2062 495 2086 ne
518 2052 656 2086 scilicet
671 2052 737 2084 ista
751 2050 924 2093 particula
939 2048 1080 2082 lectioni
1096 2057 1179 2087 suae,
1201 2056 1302 2090 quam
1318 2048 1439 2078 contra
1453 2043 1559 2078 libros
1576 2042 1611 2077 in
1628 2047 1763 2075 textum

298 2095 445 2137 recepit,
467 2095 618 2128 obesset.
663 2094 765 2128 Fecit
788 2094 852 2126 hoc
878 2093 983 2125 etiam
1007 2090 1111 2124 alibi!
1135 2091 1329 2131 Kapp.—35
1352 2088 1472 2120 ‘Bene
1486 2086 1646 2121 vorstius
1673 2085 1760 2119 hanc

299 2138 484 2170 lectionem
499 2138 687 2178 revocavit,
700 2137 850 2170 omnium
866 2141 902 2168 et
913 2136 997 2168 Mss.
1014 2138 1050 2168 et
1065 2134 1167 2166 editt.
1180 2132 1388 2165 auctoritate
1403 2129 1584 2162 firmatam.
1618 2127 1762 2168 Pighius

299 2186 416 2213 tamen
432 2182 522 2214 solos
533 2181 672 2214 Winck.
689 2185 726 2213 et
740 2180 861 2213 Colon.
876 2183 1014 2212 secutus
1030 2177 1160 2211 edidit:
1177 2176 1266 2209 Licet
1281 2178 1347 2207 tam
1359 2171 1632 2216 bona...powerit=
1646 2173 1764 2210 tamen.

299 2226 354 2266 ἔμ’.
400 2224 516 2256 Minus
541 2224 643 2263 bene,
669 2234 748 2256 nam
774 2224 879 2256 talem
902 2221 1212 2263 interpunctionem
1229 2228 1296 2250 uon
1312 2217 1491 2259 patiuntur
1506 2214 1763 2247 antecedentia.

301 2268 427 2300 Sensus
441 2267 542 2309 hujus
559 2266 694 2308 periodi
710 2270 783 2299 est:
809 2265 1003 2298 Accusator
1017 2263 1139 2296 Scauri
1153 2262 1300 2302 dixerat,
1325 2270 1361 2292 se
1377 2259 1503 2291 babere
1520 2261 1584 2290 120
1598 2256 1763 2295 homines,

300 2311 359 2353 qui
381 2315 504 2342 contra
525 2311 689 2342 Scaurum
714 2308 946 2342 testimonium
962 2307 1150 2339 secundum
1172 2306 1268 2346 leges
1294 2303 1408 2336 dicere
1430 2301 1542 2343 parati
1565 2304 1703 2339 essentg
1726 2308 1763 2330 se

301 2358 416 2386 tamen
439 2363 505 2385 non
532 2353 713 2395 impedire,
733 2361 800 2394 quo
817 2352 926 2383 minus
940 2351 1090 2383 Scaurus
1105 2349 1356 2387 absolveretur,
1379 2345 1408 2377 si
1434 2343 1536 2376 modo
1561 2343 1590 2375 is
1615 2341 1762 2375 totidem

299 2396 465 2438 homines,
486 2405 611 2438 nempe
628 2398 691 2428 120
706 2394 905 2427 nominatim
933 2397 1053 2435 posset
1079 2390 1238 2434 proferre
1263 2399 1306 2422 ex
1334 2392 1410 2421 tota
1432 2385 1621 2429 provincia,
1642 2385 1764 2427 quibus

963 2476 1104 2509 NOTAE

342 2551 354 2567 ¹
369 2547 412 2580 A.
434 2545 573 2578 Atilium
590 2543 789 2584 Calatinum]
823 2541 922 2575 Atilii
938 2541 1002 2574 Ca·
1057 2544 1163 2581 esset,
1182 2539 1276 2572 cives
1303 2537 1347 2570 ad
1370 2534 1598 2569 Hannibalem
1625 2531 1762 2565 defece-

298 2597 398 2629 latini
408 2593 785 2635 Consulis,Dictatoris‚
797 2596 834 2625 et
844 2592 1003 2625 Censoris
1057 2594 1147 2622 runt.

299 2648 421 2688 filium,
436 2647 531 2679 Fabii
548 2646 771 2678 Cunctatoris
787 2653 961 2686 generum.
1099 2640 1119 2660 *
1141 2639 1209 2672 An.
1220 2639 1272 2672 M.
1288 2640 1385 2670 3839.
1430 2637 1490 2671 Ol.
1505 2638 1580 2670 141.
1596 2637 1629 2667 2.
1672 2632 1763 2666 Urb-

344 2702 355 2717 ¹
370 2697 560 2729 Soranorum
573 2695 696 2737 oppidi]
730 2694 817 2727 Cum
839 2693 928 2726 enim
941 2693 1002 2726 So·
1058 2690 1098 2724 C.
1113 2693 1190 2723 538.
1214 2688 1295 2721 Aut.
1309 2688 1371 2721 Cb.
1386 2689 1462 2720 214.

300 2751 359 2789 tae,
381 2746 593 2789 (Campaniae
618 2745 783 2788 oppidum
806 2743 887 2787 est.)
917 2753 1002 2786 prae-
