1878 3132
639 176 748 208 cAP.
774 175 862 207 vn.
896 176 962 208 nn
994 175 1249 208 AMici‘riA.
1599 168 1686 209 489

208 273 429 316 tulemur'?
460 273 539 329 qui
551 271 586 304 ⁶⁵
616 273 701 316 hoc
731 274 883 317 dicere
911 274 1068 326 voluit,
1091 287 1147 317 an
1180 275 1255 318 cui
1286 274 1440 317 audire
1473 275 1689 329 contigit?

209 341 405 386 Maximi
435 343 554 385 enim
585 343 723 386 animi
756 343 876 396 Rex,
907 344 1044 386 etiam
1057 343 1094 369 ⁶⁶
1126 348 1265 387 totum
1298 348 1505 386 terrarum
1538 345 1690 386 orbem

208 416 290 454 aut.
310 412 524 463 victoriis,
545 415 625 454 aut
645 425 727 467 spe
748 412 1028 468 complexus,
1052 416 1145 454 tam
1164 413 1327 468 paucis
1349 412 1495 454 verbis
1517 425 1566 454 se
1587 426 1690 463 cum

207 480 372 523 comite
405 493 490 522 suo
525 481 718 534 partitus
753 485 839 523 est.
901 479 942 522 Ο
977 479 1146 523 donum
1181 480 1361 535 inclytae
1386 480 1528 532 vocis,
1565 481 1690 524 danti

205 548 369 604 pariter
381 551 516 605 atque
535 548 778 603 accipienti
791 549 1077 604 speciosum!
1138 547 1273 601 Quod
1290 548 1498 604 privatim
1512 563 1688 605 quoque

206 617 361 660 merito
392 630 593 670 veneror,
627 617 865 660 clarissimi
903 631 958 660 ac
991 618 1281 660 disertissimi
1316 618 1402 660 viri
1439 618 1691 673 promtissi-

206 699 325 728 mam
341 699 444 741 erga
465 700 537 728 me
557 687 907 729 benevolentiam
931 691 1159 743 expertus.
1221 687 1321 730 Nec
1343 690 1509 738 metuo,
1530 701 1584 729 ne
1607 700 1687 742 pa-

205 768 303 796 rum
340 757 596 807 conveniat.
616 755 726 797 mihi
748 755 1014 810 Pompeium
1031 759 1054 777 ‘¹'
1083 769 1233 798 meum
1260 756 1397 798 instar
1429 769 1529 797 esse
1553 755 1692 798 Alex-

206 824 361 878 andri;
393 837 496 867 cum
530 822 645 867 ilii⁶⁷
678 823 949 879 Hephaestio
977 838 1084 867 suus
1116 826 1226 868 alter
1244 824 1379 867 fuerit
1398 824 1692 868 Alexander!

205 893 302 948 Ego
330 906 435 936 vero
467 893 733 948 gravissimo
768 893 940 936 crimini
971 895 1058 936 sim
1090 895 1332 946 obnoxius,
1364 894 1613 937 constantis
1647 898 1692 936 et

202 963 408 1018 benignae
430 962 642 1005 amicitiae
682 962 891 1017 exempla
921 962 1020 1005 sine
1042 963 1134 1005 ulla
1163 962 1260 1018 ejus
1290 962 1517 1006 mentione
1548 965 1690 1005 trans-

206 1045 409 1086 gressus:
442 1032 571 1088 cujus
592 1032 636 1074 in
659 1032 827 1083 animo,
849 1032 972 1075 velut
1003 1033 1050 1075 in
1074 1037 1313 1088 parentum
1353 1033 1691 1075 amantissimo-

204 1115 299 1143 rum
321 1106 517 1157 pectore,
535 1102 682 1145 laetior
701 1102 806 1144 vitae
829 1115 944 1145 meae
970 1105 1118 1145 status
1140 1102 1296 1156 viguit,
1318 1101 1486 1143 tristior
1506 1102 1692 1156 acquie-

205 1171 283 1213 vit.
343 1169 387 1214 A
415 1184 504 1228 quo
525 1172 719 1213 omnium
740 1172 1008 1215 incrementa
1031 1170 1365 1214 commodorum
1396 1170 1515 1213 ultro
1537 1169 1690 1213 oblata

206 1239 334 1295 cepi:
364 1232 610 1295 perquem
643 1240 782 1284 tutior
817 1241 1038 1283 adversus
1070 1252 1204 1282 casus
1241 1239 1373 1281 steti:
1420 1238 1500 1294 qui
1536 1238 1690 1282 studia

203 1312 361 1351 nostra
380 1308 513 1352 ductu
532 1315 578 1352 et
599 1309 819 1365 auspiciis
841 1310 937 1353 suis
958 1309 1185 1352 lucidiora
1213 1307 1509 1350 etvalacriora
1523 1306 1560 1333 ⁶⁸
1591 1308 1690 1350 red-

204 1375 334 1420 didit.
395 1377 556 1434 Itaque
577 1379 686 1434 pavi
705 1379 923 1421 invidiam
945 1376 1220 1434 quorundam
1249 1376 1412 1432 optimi
1433 1376 1570 1419 amici
1585 1376 1688 1432 jac-

203 1448 316 1497 tura,
350 1446 555 1489 videlicet
590 1447 698 1502 quia
733 1446 931 1490 fructu⁶⁹
962 1450 1207 1489 torseram:
1240 1458 1327 1486 non
1368 1443 1551 1499 quidem
1584 1458 1686 1487 meo

203 1515 389 1569 merit03
419 1517 607 1570 gratiam
642 1530 804 1568 meam,
833 1519 1192 1572 quantacumque
1226 1513 1326 1565 fuit,
1360 1527 1465 1556 cum
1495 1514 1582 1565 his,
1611 1515 1689 1569 qui

202 1595 254 1625 ea
276 1584 342 1625 uti
363 1585 607 1636 voluerunt,
627 1586 851 1641 partitus?
908 1583 1081 1627 Verum
1102 1583 1225 1625 nulla
1245 1587 1336 1624 tam
1367 1581 1570 1624 modesta
1591 1582 1687 1624 seli-

204 1651 319 1694 citas
349 1658 431 1704 est,
454 1666 558 1708 quae
595 1653 887 1708 malignitatis
922 1652 1081 1695 dentes
1102 1652 1245 1694 vitare
1282 1651 1442 1706 possit.
1503 1650 1563 1692 Et
1594 1665 1686 1706 quo

243 1781 263 1803 P
288 1776 357 1809 Nec
373 1776 478 1816 timeo,
498 1787 537 1810 ne
558 1787 672 1819 parum
696 1777 817 1817 deceat,
841 1777 870 1809 εἰ
894 1777 1008 1809 dixero
1028 1776 1211 1818 Pompeium
1237 1785 1339 1808 meum
1363 1775 1444 1807 mihi
1467 1785 1532 1808 esse
1548 1776 1690 1808 Alexan·
1731 1782 1735 1785 '

200 1819 306 1859 dmm,
327 1830 397 1852 cum
412 1821 475 1862 ipsi
491 1821 674 1854 Alexandro
689 1820 875 1862 Hephoestio
891 1822 975 1852 alter
990 1820 1175 1852 Alexander
1192 1818 1310 1858 suerit.

245 1868 261 1890 ⁹
283 1864 395 1906 Itaque
420 1865 533 1906 optimi
559 1865 655 1896 amici
672 1864 806 1904 ,iactura
827 1864 944 1896 satiavi
971 1863 1123 1896 inridiam
1137 1863 1314 1904 aliquorum
1329 1863 1383 1904 qui
1398 1863 1556 1894 commoda
1581 1864 1616 1894 in
1638 1872 1687 1895 me

202 1907 242 1938 ab
255 1908 355 1939 amico
367 1908 511 1949 profecta
524 1907 789 1949 ‹egreserebantt
813 1909 900 1940 nulla
915 1917 951 1940 re
973 1911 1080 1939 tamen
1103 1907 1228 1938 illorum
1242 1906 1397 1938 invidiam
1417 1907 1597 1948 provocavi,
1618 1916 1689 1938 cum

198 1950 343 1990 gratiam
356 1961 415 1992 qua
429 1954 514 1993 apud
528 1952 629 1994 ipsum
651 1951 806 1994 valebam,
829 1954 1076 1994 quantacumque
1090 1950 1175 1991 fuit,
1195 1950 1338 1992 partitus
1358 1949 1421 1983 aim
1436 1960 1506 1983 cum
1520 1950 1562 1983 iis
1575 1951 1630 1992 qui
1653 1960 1689 1982 ea

201 1995 251 2026 uti
274 1995 447 2028 voluerant.

820 2059 1037 2072 ”Meum-e
1041 2059 1058 2071 0

200 2114 258 2146 hoc
271 2114 420 2153 hominm,-
442 2114 573 2157 Ultraj.
588 2118 619 2147 l.
635 2114 933 2155 effunderim—65
959 2114 1056 2146 Leid.
1071 2117 1104 2147 5.
1119 2117 1155 2146 et
1172 2113 1285 2147 Bitur.
1303 2116 1333 2146 1.
1351 2114 1380 2146 ei
1394 2113 1449 2155 qua·
1459 2124 1471 2151 ,-
1496 2113 1623 2156 Copes.
1646 2125 1688 2147 cm

200 2158 275 2199 qui;
300 2158 429 2200 Ultraj.
443 2160 476 2190 2.
494 2163 531 2190 et
547 2159 646 2200 Mog.
660 2159 895 2191 reluerit.—66
918 2157 1018 2190 Leid.
1035 2160 1067 2190 7.
1085 2156 1191 2190 habet
1215 2157 1312 2190 etiam
1338 2158 1528 2199 ascriptum
1552 2158 1687 2190 recenti

201 2211 328 2234 manu:
353 2202 558 2235 Perizonius
573 2203 659 2244 legit
673 2202 809 2234 divisim
825 2201 958 2242 etjam:
983 2201 1017 2232 in
1035 2201 1161 2242 Copes.
1186 2201 1272 2233 ordo
1299 2202 1347 2233 ita
1370 2206 1536 2242 mutatur,
1559 2206 1597 2234 ut
1613 2202 1688 2234 Rex

201 2244 340 2277 demum
357 2250 507 2286 ponatur
522 2252 601 2287 post
612 2247 891 2287 complexum—67
916 2244 1118 2277 Perizonius
1136 2245 1228 2286 conj.
1241 2255 1312 2277 cum
1325 2248 1358 2277 et
1372 2245 1523 2277 Μελ-68
1546 2245 1643 2277 Leid.
1654 2248 1687 2277 4.

200 2289 426 2321 «cmm—69
448 2288 612 2331 Quinque
628 2289 730 2321 codd.
745 2290 891 2321 Torren.
915 2297 991 2330 quos
1005 2288 1123 2327 fructu
1134 2299 1148 2327 ,·
1170 2288 1261 2330 quod
1279 2288 1449 2330 probabat
1465 2288 1685 2327 Pe1·izonius;

202 2331 444 2371 duosructum,·
467 2332 535 2364 duo
550 2331 691 2371 fructus.
735 2333 822 2364 Mox
837 2332 1041 2373 Torrenius,
1063 2341 1128 2373 pro
1153 2332 1328 2370 voluerant,
1353 2331 1478 2373 inquit,
1502 2332 1686 2363 emendavi

200 2375 378 2416 votuerunt,
393 2374 602 2417 jubentibus
616 2375 771 2408 omnibus
787 2375 927 2417 scriptis
954 2385 1031 2408 cum
1052 2376 1147 2416 Mog.
1193 2375 1244 2406 At
1270 2375 1303 2406 in
1332 2379 1430 2406 textu
1451 2375 1609 2407 Torrenii
1633 2379 1687 2407 est

200 2419 376 2460 voluerant,
399 2419 472 2452 sine
489 2419 594 2452 dubio
621 2429 805 2462 operarum
831 2428 958 2452 errore.
981 2419 1146 2452 voluerunt
1170 2428 1307 2462 quoque
1320 2419 1402 2451 Vet.
1429 2417 1548 2450 habet.
1593 2417 1683 2450 Edd.

868 2507 1013 2540 NOTAE

245 2576 265 2590 '¹'
288 2571 489 2614 Pompeium]
527 2573 591 2605 Vel
629 2572 819 2614 Pompeius
857 2572 916 2604 ille
972 2571 1031 2614 qui
1063 2581 1105 2604 eo
1134 2581 1238 2613 anno,
1270 2580 1340 2613 quo
1371 2569 1459 2602 obiit
1495 2569 1685 2612 Augustus,

202 2620 323 2653 Macer
338 2620 418 2662 fuit,
435 2623 492 2664 qui
518 2621 666 2665 Augusti
683 2622 914 2655 Bibliothecae
972 2623 1100 2656 Consul
1115 2629 1203 2655 erat.

201 2677 367 2714 praeerat,
398 2673 496 2716 cnjus
527 2674 683 2707 meminit
708 2673 911 2714 Suetonius;
1013 2678 1026 2707 †
1051 2674 1095 2706 A.
1113 2674 1162 2705 M.
1180 2675 1278 2705 3721.
1325 2671 1384 2704 01.
1413 2674 1488 2719 1¹11.
1511 2675 1545 2706 4.
1595 2672 1682 2707 Urb.

203 2723 257 2754 vel
269 2723 359 2755 illius
374 2722 478 2766 filius,
491 2724 534 2756 de
550 2735 618 2767 quo
633 2725 773 2758 Tacitus
786 2723 911 2756 Annal.
968 2724 1031 2759 Ch.
1047 2727 1124 2758 420.
1163 2722 1248 2756 Ant.
1266 2721 1328 2756 ch.
1343 2724 1420 2756 332.

202 2771 265 2805 lib.
297 2782 322 2805 1.
349 2775 403 2806 vel
420 2774 535 2816 potius
550 2775 632 2809 Sex.
649 2775 708 2809 ine
724 2774 912 2817 Pompeius
