1878 3132
562 196 671 229 cst.
691 193 757 228 v1.
790 194 856 227 ns
889 194 1248 228 Nscnssimrs.
1556 183 1645 228 715

167 297 349 339 senatus
371 291 627 345 Otacilio‚¹⁵
640 298 658 324 ⁸
686 292 766 348 qui
796 292 1014 343 Siciliam,
1044 295 1090 335 et
1122 290 1334 336 Cornelio
1366 291 1644 343 Mammulae,

167 364 245 419 qui
258 362 512 407 Sardiniam
530 362 883 418 propraetoribus
902 362 1176 413 obtinebant,
1190 362 1476 417 querentibus
1493 365 1507 384 ‘
1520 359 1645 418 quod

164 445 310 488 neque
331 431 627 488 stipendium,
648 445 790 487 neque
805 431 1076 474 frumentum
1094 431 1316 474 classibus
1330 444 1482 474 eorum
1503 435 1546 474 et
1563 444 1644 474 ex-

163 502 378 545 ercitibus
411 501 526 544 socii
559 499 880 557 praeberent;’'¹
909 500 1236 544 affirmantibus
1268 500 1421 551 etiam,
1453 503 1535 542 ‘ne
1565 500 1645 543 ha-

162 571 270 613 bere
303 571 488 626 quidem
522 584 619 623 eoS,
653 570 771 613 unde
811 571 859 613 id
898 573 1116 627 praestare
1150 568 1362 626 possent‚’
1396 569 1644 625 rescripsit,

164 642 179 662 ‘
197 641 402 683 aerarium
422 640 679 696 longinquis
700 641 913 697 expensis
927 639 961 666 ¹⁶
980 653 1071 683 non
1091 639 1317 683 sufficere:
1333 637 1537 694 proinde,
1553 651 1645 693 quo

161 713 298 765 pacto
318 713 457 753 tantae
473 710 639 766 inopiae
659 710 1008 754 succurrendum
1029 714 1168 760 esset,
1184 708 1274 765 ipsi
1294 705 1523 750 viderent?
1554 707 1646 750 His

164 778 313 822 literis
334 779 443 835 quid
466 779 590 822 aliud
611 777 751 835 quam*
767 779 945 836 imperii
963 780 1032 822 sui
1053 777 1353 834 gubernacula
1382 790 1407 819 e
1441 776 1648 819 manibus

163 848 358 904 abJecit‘l
420 847 712 905 Siciliamque
752 852 796 891 et
832 848 1103 900 Sardiniam,
1139 847 1486 903 benignissimas
1521 845 1646 888 urbis

161 919 327 960 nostrae
363 915 588 970 nutrices,i
635 917 801 973 gradus
838 921 882 959 et
921 917 1232 960 stabilimenta
1273 915 1512 967 bellorum,
1550 919 1646 958 tam

163 985 305 1029 multo
337 986 503 1029 sudore
525 991 574 1029 et
596 986 810 1042 sanguine
831 988 878 1029 in
890 986 969 1043 jus
991 1000 1045 1029 ac
1061 991 1094 1019 ¹⁷
1125 989 1398 1042 potestatem
1418 984 1645 1036 redactas,

165 1055 325 1109 paucis
344 1055 510 1106 verbis,
532 1059 576 1098 te
594 1056 772 1098 scilicet
791 1056 1059 1099 necessitate
1071 1055 1275 1111 jubente,
1297 1055 1486 1098 dimisit.

222 1122 265 1166 2.
298 1123 468 1166 Eadem
509 1122 800 1167 Casilinatesj
851 1125 1089 1167 obsidione
1128 1124 1404 1167 Hannibalis
1445 1125 1646 1175 clausos,

170 1191 568 1248 alimentorumque
595 1193 810 1236 facultate
841 1193 1062 1246 defectos,
1094 1194 1192 1236 lora
1220 1190 1521 1236 necessariisk
1550 1193 1648 1235 vin-

169 1260 373 1303 culorum
414 1262 572 1304 usibus
612 1262 858 1315 subducta,
892 1275 1008 1318 eque
1044 1263 1189 1306 scutis
1227 1263 1454 1306 detractas
1489 1262 1647 1319 pelles,

783 1390 1025 1404 OOOOOOOOOOO

171 1465 385 1499 habena—15
409 1465 534 1508 Ultraj.
551 1469 583 1500 1.
603 1467 739 1508 Propter
753 1469 881 1500 eundem
895 1467 1124 1510 necessitatem,
1137 1469 1193 1510 ἔμ’.
1227 1468 1326 1502 Harl.
1346 1469 1472 1502 Ortalio
1482 1480 1496 1508 ‚·
1517 1469 1650 1503 Medic.

172 1513 204 1542 1.
228 1510 383 1542 ortacilio
395 1521 408 1548 ;
433 1510 571 1552 quidam
584 1515 622 1542 ut
637 1511 739 1553 vulgo
755 1516 837 1544 ante
854 1511 1028 1553 Pigffium,
1046 1512 1222 1546 Octacitio:
1245 1514 1397 1545 nonnulli
1423 1513 1539 1553 etiam,
1565 1515 1646 1546 Cor-

167 1553 252 1586 nelio
268 1554 426 1594 Mamilae,
453 1554 508 1585 vel
533 1554 696 1587 Mamulae.
743 1555 830 1587 Mox
846 1555 974 1598 Copes.
989 1560 1026 1588 et
1043 1555 1151 1588 Barb.
1170 1559 1200 1588 1.
1215 1557 1460 1598 propraetoribus
1472 1557 1550 1589 socii
1565 1557 1647 1590 obti-

161 1597 279 1629 nebant
287 1608 301 1636 ,·
324 1596 422 1629 Leid.
439 1599 472 1629 1.
486 1601 705 1639 propraetores,
721 1603 759 1630 ut
775 1599 945 1631 edebatur
960 1602 1040 1631 ante
1055 1599 1227 1642 Figulum,
1240 1600 1507 1633 adversantibus
1520 1602 1647 1634 ceteris

166 1639 270 1672 codd.
289 1644 325 1672 et
340 1639 487 1674 Mediol.
505 1643 626 1674 3.—16
649 1642 707 1674 Ita
723 1642 822 1675 Leid.
836 1647 871 1675 5.
884 1647 920 1675 et
937 1642 1062 1684 Ultraj.
1081 1646 1111 1675 l.
1127 1654 1147 1675 a
1164 1653 1209 1676 m.
1226 1653 1279 1686 pr.
1295 1644 1354 1676 alii
1369 1644 1553 1677 duodecim
1568 1654 1647 1677 curn

167 1683 250 1717 Vet.
267 1689 306 1716 et
321 1683 466 1716 Mediol.
482 1687 514 1717 3.
531 1685 692 1727 impensis,
703 1686 795 1728 quod
808 1696 876 1718 nou
890 1686 1066 1728 improbat
1079 1687 1221 1720 Torren.
1255 1687 1354 1725 Mox,
1368 1688 1432 1730 ipsi
1442 1689 1646 1730 providerent

165 1726 202 1760 in
217 1727 386 1761 νει-17
410 1728 495 1760 Vet.
511 1738 588 1762 cum
614 1729 789 1773 plerisque
804 1730 969 1770 codd.jus
983 1741 1020 1763 aa
1034 1730 1178 1764 omittit.
1221 1731 1307 1764 Mox
1321 1731 1443 1765 eadem
1459 1741 1537 1765 cum
1553 1733 1644 1775 opti-

843 1835 990 1869 NOTAE

929 1923 1043 1965 datur,
1072 1933 1151 1957 cum
1181 1934 1202 1956 a
1232 1923 1402 1957 Cicerone
1428 1923 1464 1956 in
1491 1924 1646 1958 Verrinis

930 1976 1069 2017 saepius,
1098 1981 1171 2008 tum
1189 1984 1208 2006 a
1232 1975 1380 2016 Catone,
1402 1975 1583 2017 Strabone,
1608 1981 1646 2009 et

930 2027 1019 2060 aliis.
1064 2026 1243 2059 Laudatur
1272 2026 1378 2059 etiam
1407 2026 1472 2059 hoc
1502 2027 1642 2060 nomine

204 1927 221 1950 8
239 1922 394 1964 Otacilio]
417 1923 461 1956 Τ.
485 1923 640 1957 Otacilio
661 1924 801 1965 Crasso,
814 1924 874 1967 qui

159 1972 312 2006 Siciliam
328 1973 387 2006 diu
411 1985 535 2017 magna
556 1975 743 2017 prudentia
768 1976 874 2008 admi-

158 2025 343 2066 nistravit3
380 2027 588 2061 Consulatus
615 2033 731 2060 tamen
758 2028 873 2070 repul-

160 2085 233 2108 sam
250 2086 370 2118 passus
385 2083 449 2111 est.

203 2126 220 2148 ²¹
244 2126 332 2159 Socii
357 2129 548 2172 praeberent]
604 2129 718 2163 Aliter
746 2131 874 2164 Livius.

157 2178 344 2212 Scribebat
368 2179 540 2213 Otacilius
570 2182 604 2214 L.
621 2182 762 2215 Furium
778 2182 873 2215 Prae-

158 2233 270 2261 torem
279 2239 356 2262 cum
368 2230 480 2263 classe
491 2241 535 2263 ex
549 2230 669 2264 Africa
681 2232 873 2275 Lilybaeum

157 2279 316 2321 venisse3
355 2281 468 2323 ipsum
509 2283 664 2324 graviter
694 2285 872 2325 saucium3

158 2331 326 2364 militibus
346 2338 383 2366 et
406 2334 599 2377 navalibus,
613 2345 727 2378 neque
743 2336 873 2378 stipen-

157 2382 265 2425 dium,
296 2393 410 2427 neque
450 2384 660 2419 frumentum
698 2386 741 2418 ad
778 2387 871 2420 diem

157 2433 248 2475 dari,
274 2445 388 2478 neque
424 2436 514 2469 unde
537 2437 640 2469 detur
670 2446 757 2470 esse.
804 2439 870 2471 Ea-

157 2484 308 2528 demque
325 2486 433 2520 ferme
448 2497 468 2520 a
484 2488 673 2521 Mammula
684 2489 728 2522 de
739 2490 870 2533 stipen-

156 2535 224 2568 diis
240 2541 277 2569 et
303 2537 475 2572 frumento
502 2540 654 2581 scripta:
691 2551 768 2584 quae
793 2552 870 2574 cum

158 2585 306 2620 Senatus
343 2595 518 2634 negasset,
556 2591 711 2625 Otacilio
748 2594 870 2636 Hiero,

158 2637 356 2672 Mammulae
386 2642 489 2675 sociae
530 2643 691 2677 civitates
721 2645 871 2689 benigne

160 2690 395 2724 contulerunt.

205 2738 327 2773 ¹Urbis
351 2747 469 2776 ποθεν-ιε
483 2747 635 2789 nutrices]
671 2747 800 2790 Sicilia,
829 2754 869 2782 ut

156 2788 291 2833 frugum
308 2792 491 2829 admodum
513 2796 622 2842 ferax,
637 2801 780 2833 multum
796 2801 867 2833 lau-

928 2077 1084 2110 Sardinis
1101 2088 1120 2110 a
1136 2077 1306 2110 Strabone
1322 2081 1360 2110 et
1375 2077 1537 2120 Horatio,
1559 2079 1644 2111 licet

929 2138 972 2160 ex
987 2134 1088 2171 parte
1105 2139 1228 2171 aspera
1245 2129 1301 2161 sit.

969 2178 982 2207 l
998 2180 1204 2222 Casilinates]
1233 2180 1420 2212 Casilinum
1436 2190 1505 2213 uon
1521 2183 1642 2224 procul

928 2240 947 2262 a
959 2231 1090 2274 Capua,
1107 2231 1210 2264 hodie
1230 2232 1433 2265 Castellum.
1456 2233 1546 2266 Illuc
1563 2236 1641 2266 540.

928 2281 1338 2325 Praenestinifugeraut3
1369 2288 1406 2316 et
1427 2284 1549 2317 cohors
1577 2286 1643 2318 Pe·

928 2335 1056 2376 rusina,
1079 2346 1099 2368 a
1115 2336 1237 2379 quibus
1261 2336 1441 2369 Maherbal
1455 2336 1550 2369 fusus
1565 2342 1641 2370 est:

926 2386 992 2428 ipsi
1023 2387 1128 2429 paulo
1159 2392 1239 2430 post
1264 2388 1307 2421 ab
1338 2389 1537 2422 Hannibale
1568 2393 1643 2422 tota

924 2437 1049 2479 hyeme
1065 2438 1209 2472 obsessi.

969 2488 985 2511 Ι(
999 2490 1083 2522 Lora
1097 2491 1296 2534 necessariis]
1310 2490 1343 2523 A
1357 2491 1561 2533 Sempronio
1574 2492 1642 2534 pri·

925 2551 1017 2574 mum
1042 2542 1134 2575 dolia
1162 2544 1241 2576 vino
1266 2542 1509 2586 frumentoque
1536 2545 1640 2586 plena

925 2602 989 2635 per
1012 2594 1222 2627 Vulturnum
1248 2594 1352 2627 missa
1374 2599 1475 2635 sunt3
1510 2595 1640 2629 deinde

925 2654 1034 2677 nuces
1057 2645 1091 2677 in
1109 2655 1244 2677 amnem
1270 2645 1451 2687 projectae,
1475 2649 1514 2677 ut
1539 2655 1638 2689 aquae

926 2706 1030 2728 cursu
1056 2696 1091 2727 in
1118 2696 1239 2728 urbem
1266 2696 1498 2739 deferrentur,
1516 2697 1577 2730 sed
1593 2697 1639 2731 ab

922 2747 1080 2781 hostibus
1097 2747 1252 2781 cratibus
1268 2752 1430 2791 exceptae
1447 2753 1538 2783 sunt.
