1878 3132
306 205 416 237 cAi‘.
438 205 504 236 ιν.
539 202 896 244 υιῑὸσιῑᾼνιτειὶ
931 202 1098 241 nlc'ms
1129 202 1245 235 AUT·
1268 202 1460 234 motus.
1553 190 1644 235 619

162 316 255 347 rum
286 306 334 346 et
362 314 443 345 rex
477 307 521 345 et
545 301 761 344 barbarus
795 298 935 344 atroci
956 311 1012 342 ac
1043 311 1162 342 nova
1189 312 1328 355 poena
1353 299 1546 354 judicis,
1582 313 1640 350 ne

164 373 268 428 quis
288 374 448 429 postea
467 371 688 425 corrumpi
702 369 852 426 judex
878 373 1051 424 posset,
1073 367 1306 422 providit-t

828 491 971 526 NOTAE

194 591 223 622 ·†
240 584 308 620 An.
320 585 373 620 M.
391 585 490 618 ⁸525.
512 582 572 615 01.
593 585 648 618 62.
667 585 701 617 4.
725 581 812 616 Urb.
828 582 869 617 C.
886 584 963 616 224.
987 581 1072 616 Ant.
1086 581 1150 616 Ch.
1166 583 1243 614 528.

777 905 917 951 CAP.
945 905 1035 951 1V.

329 1044 417 1091 DE
448 1041 792 1089 GRAVITER
822 1040 1038 1084 DICTIS
1071 1039 1204 1083 AUT
1235 1038 1477 1083 FACTIS.

414 1200 439 1225 Α
457 1198 638 1224 RoMAms.
1160 1195 1210 1219 ΑΒ
1227 1193 1426 1218 ExTERms.

187 1255 205 1285 1
230 1251 275 1285 T.
291 1250 425 1284 Manlio
440 1250 631 1293 Torquato.
851 1251 854 1253 ’
954 1250 971 1280 1
996 1246 1208 1281 Cinniniensi
1224 1247 1368 1289 populo.

185 1299 208 1329 Ξ
231 1296 273 1328 Ρ.
289 1296 448 1338 Scipione
460 1294 655 1326 AEiniliano.
951 1295 972 1324 2
995 1292 1141 1324 Socrate
1154 1291 1374 1324 Atheniensi.

185 1342 206 1373 ³
230 1339 271 1372 C.
289 1339 429 1381 Popilio
448 1339 602 1371 Laenate.
951 1338 970 1367 3
995 1336 1196 1368 Alexandro
1213 1336 1356 1377 Magno.

183 1384 205 1415 4
228 1382 270 1415 P.
286 1383 416 1415 Rutilio
434 1380 537 1414 Rufo.
952 1382 972 1411 4
998 1379 1286 1412 Lacedaemoniis.

186 1430 206 1460 ὅ
230 1427 282 1460 Μ.
297 1427 402 1462 ,lunio
417 1426 529 1459 Bruto
544 1434 681 1468 procos.
951 1427 970 1456 5
996 1424 1183 1457 Paedareto
1198 1424 1386 1466 Spartano.

226 1566 463 1610 MAGNAM
485 1571 532 1608 et
560 1566 722 1608 bonam
754 1563 907 1607 laudis
937 1569 1117 1621 partem
1147 1563 1193 1606 in
1225 1563 1358 1607 claris
1380 1564 1490 1607 viris
1511 1566 1649 1609 etiam

165 1635 243 1680 illa
265 1635 527 1685 vindicant‚¹
562 1647 664 1689 quae
687 1637 766 1676 aut
785 1633 843 1675 ab
864 1633 934 1675 his
955 1633 1150 1687 graviter
1169 1633 1293 1676 dicta
1312 1638 1391 1676 aut
1406 1634 1531 1677 sacta
1551 1647 1649 1690 per·

163 1706 293 1751 tinax
335 1704 552 1747 memoria
594 1704 767 1746 viribus
807 1702 989 1746 aeternis
1023 1702 1378 1758 comprehendit.
1444 1702 1651 1755 Quorum

163 1787 224 1818 ex
262 1773 509 1817 abundanti
541 1773 692 1829 copia,
728 1786 812 1815 nec
851 1785 993 1828 parca
1023 1772 1171 1824 nimis,
1205 1785 1291 1815 nec
1325 1786 1482 1814 rursus
1513 1773 1650 1816 avida

162 1856 315 1893 manu,
335 1842 456 1899 quod
479 1842 655 1897 magis2
697 1842 929 1886 desiderio
965 1842 1235 1894 satisfaciat,
1271 1855 1406 1898 quam
1441 1843 1646 1886 satietati

161 1912 374 1964 abundet,
395 1912 689 1955 hauriamus.⁸

222 1982 267 2026 1.
297 1981 496 2025 Civitate
525 1987 683 2024 nostra
704 1980 931 2024 Cannensi
964 1979 1093 2023 clade
1121 1979 1347 2035 perculsa,
1369 1993 1472 2023 cum
1492 1976 1648 2025 admo-

166 2050 271 2094 dum
295 2052 423 2093 tenui
455 2050 532 2094 filo
564 2055 814 2106 suspensa³
857 2049 1125 2108 reipublicae
1159 2049 1285 2092 salus
1319 2063 1377 2092 ex
1418 2049 1645 2092 sociorum

160 2119 247 2162 fide
283 2119 508 2174 penderet,
549 2124 600 2161 ut
648 2133 803 2162 eorum
834 2120 973 2162 animi
1013 2119 1071 2162 ad
1112 2119 1352 2174 imperium
1391 2118 1644 2161 Romanum

164 2187 376 2230 tuendum
399 2188 731 2230 constantiores
754 2194 924 2236 essent,
945 2188 1108 2243 majori
1130 2188 1250 2243 parti
1275 2191 1458 2230 senatus
1494 2191 1506 2210 ‘
1524 2188 1645 2243 prin-

162 2257 292 2312 cipes
343 2256 603 2298 Latinorum
642 2257 688 2298 in
739 2256 942 2300 ordinem
991 2270 1120 2299 suum
1163 2255 1367 2312 sublegi'
1415 2257 1643 2312 placebat.

202 2410 220 2426 ⁰
236 2404 393 2446 Magnam
407 2405 532 2437 laudem
556 2406 591 2437 in
617 2404 713 2437 elaris
738 2404 820 2436 viris
839 2404 897 2437 ina
918 2405 1015 2438 etiam
1037 2409 1208 2447 merentur,
1222 2416 1292 2449 (μιν
1305 2405 1346 2439 ab
1358 2406 1407 2439 hie
1427 2406 1573 2447 graviter
1586 2408 1643 2438 nui

159 2449 246 2480 dicta
258 2452 314 2480 aut
334 2447 428 2487 facta
443 2452 484 2480 ad
492 2453 688 2490 posterorum
702 2449 882 2480 memoriam
893 2452 924 2481 et
939 2450 1116 2482 aeternilaei
1131 2452 1347 2482 commendata
1356 2455 1448 2483 sunt:
1465 2460 1506 2482 ex
1515 2458 1643 2491 quorum

160 2494 373 2534 exemplorum
387 2493 527 2525 maxima
541 2493 630 2536 copia
644 2493 827 2532 “digamum
842 2502 900 2524 nec
905 2494 1011 2535 plura,
1023 2503 1078 2526 nec
1086 2495 1237 2536 pauciora
1246 2504 1261 2534 ,⁶
1281 2495 1329 2526 ita
1346 2498 1380 2526 ut
1396 2503 1458 2527 uon
1472 2493 1643 2536 afferamus

160 2535 335 2577 legentibus
348 2537 540 2577 satietatem,
552 2537 607 2568 sed
620 2546 727 2568 eorum
742 2537 897 2568 desiderio
910 2536 1156 2576 satisfaciamus.

778 2646 818 2657 Ν
822 2645 975 2657 ΟΝΝΟΝ
978 2645 1018 2657 00

208 2724 226 2755 1
250 2722 352 2754 Harl.
369 2727 407 2755 et
420 2722 529 2755 Barb.
547 2725 578 2755 l.
595 2723 652 2754 illa
667 2723 728 2755 sibi
741 2723 981 2755 vindicante-2
1007 2722 1061 2756 Ita
1085 2722 1183 2763 Mog.
1212 2731 1290 2754 cum
1315 2726 1443 2754 cetere
1469 2721 1551 2754 edd.
1579 2722 1638 2755 ha-

162 2765 282 2805 beant,
297 2776 357 2806 quo
372 2766 485 2804 magis.
519 2767 646 2808 copes.
664 2767 778 2798 Bitnr.
794 2770 827 2799 2.
848 2766 970 2799 Leidd.
989 2769 1020 2798 1.
1037 2769 1070 2798 2.
1086 2764 1214 2806 Ultraj.
1229 2769 1259 2798 l.
1275 2768 1307 2799 2.
1324 2771 1361 2799 et
1375 2766 1640 2808 mogantinae,

164 2808 255 2851 quod
275 2808 458 2841 Perizonio
476 2809 688 2851 placuit.—3
713 2810 842 2843 Vocem
860 2819 1008 2851 suspensa
1024 2809 1212 2845 tollendam
1232 2809 1467 2843 arbitrabatur
1483 2810 1639 2843 colorus.
