1878 3132
481 190 593 226 on.
615 179 668 224 n.
702 190 766 222 DE
800 189 1036 221 mumius
1068 189 1304 222 sumens.
1534 178 1622 220 749

151 289 318 334 frustra
338 289 538 342 fecisset,
558 293 742 333 coaetus
763 289 821 331 ab
839 301 893 330 eo
913 288 1183 330 sententiam
1204 286 1509 343 pronuntiare,
1525 300 1623 330 mu-

151 360 306 403 lierem
354 359 655 415 impudicitiae
694 371 817 401 ream
833 357 866 383 ¹⁸
926 356 1132 399 sestertio
1171 368 1366 406 nummo,
1399 356 1621 399 Titinium

151 441 325 471 summa
344 429 480 471 totius
501 427 624 470 dotis
636 426 895 470 damnavit:
925 425 1160 481 praesatuS,
1181 427 1194 446 ‘
1208 423 1376 466 idcirco
1390 430 1424 458 Ῐ9
1444 438 1491 467 se
1501 425 1619 468 hunc

143 496 384 553 judicandi
417 497 600 540 modum
630 501 852 546 secutum,
886 494 1008 550 quod
1047 493 1239 549 liqueret
1259 493 1364 544 sibi,
1404 493 1620 537 Titinium

147 565 419 620 patrimonio
430 565 613 608 Fanniae
623 564 810 606 insidias
824 567 1089 614 struentem,
1106 561 1349 618 impudicae
1365 561 1620 616 conjugium

149 633 439 689 expetisse.'‡
499 633 673 678 Fannia
691 636 840 675 autem
870 631 967 675 haec
993 635 1078 682 est,
1109 643 1212 687 quae
1236 634 1400 685 postea
1420 628 1619 673 Marium

145 701 314 746 hostem
336 716 364 746 a
383 707 544 745 senatu
568 701 842 758 judicatum,
866 714 1089 756 coenoque
1109 691 1311 756 paludis,
1333 713 1424 756 qua
1442 704 1620 744 extrac-

146 773 219 813 tus
241 774 350 822 erat,
363 770 568 821 oblitum,
584 770 718 812 etiam
738 770 783 812 in
797 769 978 812 domum
998 781 1126 811 suam
1140 769 1480 812 custodiendum
1503 770 1620 812 Min-

147 839 290 882 turnis
300 838 561 890 deductum‚
574 851 662 893 ope
675 842 1036 893 quantacumque
1048 839 1211 893 potuit,
1224 838 1415 894 adjuvit:
1435 852 1616 891 memor,

148 907 270 963 quod
294 907 523 964 impudica
543 906 754 963 judicata
774 910 908 958 esset,
943 907 1036 949 suis
1058 907 1284 960 moribus;
1320 904 1443 962 quod
1463 907 1617 952 dotem

145 981 383 1028 servasset,
414 975 539 1019 illius
558 975 762 1030 religioni
785 979 1016 1030 acceptum
1039 975 1142 1018 ferri
1155 980 1191 999 ²0
1221 975 1401 1018 debere.

200 1045 245 1087 4.
277 1044 456 1086 Multus
478 1056 625 1087 sermo
647 1057 704 1086 eo
725 1045 863 1086 etiam
886 1042 1065 1099 judicio
1092 1045 1304 1097 manavit,
1336 1045 1384 1087 in
1405 1058 1497 1100 quo
1518 1047 1615 1102 qui-

144 1112 246 1156 dam
268 1112 379 1155 furti
399 1112 640 1155 damnatus
661 1117 744 1163 est,
768 1110 891 1167 quod
904 1116 937 1136 ²¹
960 1124 1092 1168 equo,
1115 1109 1243 1168 cujus
1258 1127 1368 1156 usus
1384 1114 1449 1156 illi
1469 1128 1616 1170 usque

149 1181 346 1225 Ariciam
358 1179 377 1205 ¹¹
397 1180 713 1224 commodatus
732 1180 889 1233 suerat,
902 1177 1114 1224 ulteriore
1134 1181 1232 1238 ejus
1249 1182 1483 1238 municipii
1498 1184 1616 1228 clivo

143 1255 299 1294 vectus
318 1253 454 1293 esset.
491 1248 614 1302 Quid
634 1249 758 1292 aliud
777 1249 864 1292 hoc
885 1249 976 1293 loci
997 1264 1133 1306 quam
1155 1252 1474 1295 verecundiam
1493 1253 1615 1296 illius

143 1318 302 1362 saeculi
334 1318 587 1371 laudemus,
620 1320 668 1361 in
690 1331 779 1374 quo
800 1322 893 1361 tam
914 1319 1074 1362 minuti
1089 1323 1124 1343 ²²
1154 1333 1182 1363 a
1202 1320 1377 1376 pudore
1397 1335 1614 1366 excessus

141 1387 475 1444 puniebantur?
492 1383 512 1403 ''

755 1486 992 1501 '‘Omne

142 1569 223 1597 ante
239 1564 400 1606 Pighlnm
416 1569 453 1597 et
467 1565 700 1607 compluribus
714 1565 815 1598 codd.
831 1566 931 1600 deest
945 1577 1052 1605 ream,-
1075 1566 1227 1600 retinent
1251 1572 1366 1600 tamen
1391 1568 1519 1611 Ultraj.
1536 1574 1564 1603 l.
1579 1574 1611 1605 2.

141 1608 262 1642 Leidd.
287 1611 320 1641 3.
343 1610 378 1642 4.
406 1614 443 1641 et
469 1609 565 1651 Mog.
608 1609 694 1641 Mox
722 1610 901 1653 pleraeque
924 1611 1004 1644 edd.
1030 1615 1111 1643 ante
1141 1611 1243 1652 Pigh.
1277 1611 1531 1646 Titinium—19
1554 1615 1612 1648 Ita

139 1651 284 1693 Pighius
299 1661 377 1684 cum
393 1651 496 1685 codd.
512 1656 550 1684 et
565 1652 661 1694 Mog.
677 1661 740 1694 pro
757 1653 898 1695 vulgato
911 1654 992 1686 ideo.
1038 1655 1122 1686 Mox
1137 1659 1271 1696 septem
1292 1655 1394 1688 codd.
1416 1657 1558 1691 'ron-ren.
1574 1664 1612 1691 et

140 1694 224 1728 Vct.
247 1704 318 1727 cum
342 1695 572 1737 liquorem—2⁰
596 1696 763 1728 Nonnulli
778 1696 882 1730 codd.
897 1698 1042 1730 Torren.
1057 1701 1215 1740 acceptum
1226 1698 1402 1741 fieri—21
1424 1699 1494 1732 Sex
1510 1699 1613 1734 codd.

137 1738 286 1771 'ron-ren.
302 1738 378 1780 qui.-
399 1748 486 1771 unus
501 1739 587 1780 quia.
631 1739 720 1772 Sunt
743 1739 802 1781 qui
828 1740 947 1773 delent
970 1751 1076 1783 usque.
1121 1741 1260 1774 Deinde
1277 1742 1440 1775 Bai-thius
1454 1744 1609 1786 legebat,

139 1785 263 1814 evectus
276 1784 457 1814 ema—22
478 1782 588 1814 Vetus
603 1781 691 1815 liber
706 1782 814 1825 Lipsii
830 1788 868 1816 et
881 1784 964 1817 Vet.
991 1788 1058 1817 tam
1082 1785 1211 1817 minimo
1219 1795 1232 1824 ,·
1255 1785 1346 1818 unde
1359 1785 1496 1829 Lipsius
1512 1788 1612 1830 legit,

140 1828 207 1857 tum
221 1825 364 1858 minimi.-
388 1824 490 1858 Harl.
506 1828 574 1858 tam
587 1826 670 1858 muti
679 1835 694 1865 ,·
715 1835 802 1859 unus
817 1826 917 1861 Leid.
939 1831 1005 1861 tam
1019 1828 1131 1861 munii.

801 1935 947 1970 NOTAE

183 2024 199 2058 ss
222 2018 291 2053 An.
304 2020 357 2053 M.
374 2023 472 2053 3955.
510 2021 567 2054 01.
591 2023 666 2054 1⁷0.
689 2023 722 2054 2.
757 2020 847 2055 vrb.
902 2023 1005 2056 Nunc
1019 2023 1202 2056 L’Ariccia.

137 2070 178 2105 C.
191 2073 270 2104 65⁴.
301 2070 386 2105 Ant.
404 2072 468 2106 Ch.
482 2075 536 2105 98.
944 2074 963 2093 '⁶
980 2074 1047 2108 An.
1068 2075 1120 2107 M.
1131 2077 1229 2107 3966.
1252 2074 1394 2109 Ol.173.
1408 2077 1438 2109 1.
1462 2076 1549 2110 Urb.
1568 2077 1610 2112 C.

183 2122 198 2144 ¹²
230 2123 391 2165 Ariciam]
428 2124 519 2157 Latii
562 2123 727 2166 oppidum
765 2128 846 2165 post
898 2128 975 2159 665.
1017 2125 1104 2159 Ant.
1119 2126 1182 2159 ch.
1195 2128 1251 2159 87.

138 2180 289 2207 montem
326 2174 499 2208 Albanum
542 2175 578 2207 in
623 2175 677 2207 via
715 2173 844 2218 Appia.
