1878 3132
416 185 524 217 CAP.
547 184 601 216 x.
637 184 700 216 DE
735 183 1213 226 ΡκοΝυΝτιΑΤιοΝη,
1244 176 1325 216 &c.
1528 174 1618 218 '783

130 282 452 338 praesentabat,
473 286 523 325 ut
542 295 696 324 eorum
717 281 968 324 miseranda
996 282 1188 335 imagine
1211 282 1486 325 audientium
1507 296 1616 338 pec-

129 351 299 394 toribus
317 351 498 403 inserta,
518 352 670 394 multis
693 350 956 394 voluntariae
993 351 1147 391 mortis
1184 350 1450 405 oppetendae
1487 352 1618 406 cupi-

132 419 319 463 ditatem
353 420 660 475 ingeneraret't
704 420 904 476 Ideoque
939 433 966 462 a
1004 433 1106 474 rege
1144 419 1390 462 Ptolemaeo
1425 419 1614 462 ulterius

131 487 216 531 hac
236 489 292 532 de
311 503 358 533 re
379 489 595 533 disserere
615 490 872 546 prohibitus
894 493 981 532 est.

756 757 899 800 cAP.
930 757 996 800 X.

245 884 333 931 DE
362 882 965 932 PRONUNTIATIONE
996 882 1076 925 ET
1106 880 1279 925 APTO
1317 881 1507 926 MOTU

698 961 1055 1006 CORPORIS.¹

365 1086 406 1110 m
430 1077 609 1110 nominum.
1120 1084 1292 1108 Exn-:nno
1317 1085 1406 1109 uno.

158 1143 180 1217 ὲ
203 1138 474 1218 ἓ)..-(Ιῖἰι-ἑιξῒιὲξιεὲξοὁ
973 1134 1213 1169 Demosthene
1230 1136 1447 1170 Atheniensi.

160 1229 180 1259 3
206 1226 395 1260 Μ.Τιι11ἰο.

198 1336 549 1386 ELOQUENTIAE
582 1337 726 1376 autem
759 1334 1017 1375 ornamenta
1048 1332 1094 1374 in
1114 1333 1474 1387 pronuntiatione
1496 1336 1624 1389 apta,

87 1414 90 1417 '
137 1410 181 1450 et
198 1404 480 1449 convenienti
499 1407 660 1446 motu²
691 1402 895 1458 corporis
924 1401 1195 1444 consistunt:
1229 1403 1397 1457 quibus
1431 1416 1534 1445 cum
1574 1416 1624 1445 se

138 1475 369 1524 instruxit,
392 1473 538 1515 tribus
558 1471 705 1514 modis
738 1471 943 1513 homines
976 1471 1238 1525 aggreditur,
1273 1472 1448 1514 animos
1469 1485 1627 1514 eorum

139 1544 244 1600 ipsa
263 1541 535 1593 invadendo,
555 1541 713 1584 horum
733 1540 862 1583 alteri
895 1553 1041 1592 aureS‚
1079 1540 1205 1582 alteri
1238 1541 1399 1584 oculos
1433 1542 1629 1596 permul-

142 1612 310 1655 cendos
330 1611 579 1654 tradendo!

198 1682 239 1724 1.
271 1681 364 1723 Sed
383 1685 434 1723 ut
452 1680 704 1736 propositi³
738 1679 851 1722 fides
872 1681 918 1722 in
939 1679 1144 1735 personis
1170 1679 1419 1722 illustribus
1439 1679 1630 1722 exhibe—

141 1755 254 1803 atur,
291 1750 343 1794 G.
365 1748 600 1794 Gracchus
639 1750 923 1805 eloquentiae,
963 1763 1098 1804 quam
1132 1749 1373 1804 propositi,
1408 1749 1630 1792 felicioris

142 1819 421 1871 adolescens,
453 1819 662 1875 quoniam
700 1818 1044 1873 flagrantissimo
1080 1818 1276 1872 ingenio,
1323 1832 1426 1861 cum
1460 1819 1630 1875 optime

142 1889 470 1944 rempublicam
489 1888 603 1932 tueri
633 1892 809 1944 posset,
844 1885 1102 1943 perturbare
1131 1888 1271 1942 impie
1302 1888 1488 1941 maluit3
1520 1900 1632 1943 quo-

144 1959 230 2001 ties
246 1958 367 2012 apud
385 1958 601 2012 populum
621 1958 915 2000 concionatus
936 1961 1019 2008 est,
1042 1970 1222 1999 servum
1245 1962 1353 2012 post
1375 1971 1423 1999 se
1444 1958 1630 1999 musicae

146 2027 256 2070 artis
276 2026 466 2082 peritum
486 2026 656 2078 habuit,
686 2027 763 2082 qui
794 2026 1004 2070 occultea
1034 2027 1233 2068 eburnea
1260 2026 1412 2069 fistula
1433 2039 1631 2082 pronun-

187 2156 203 2171 ·
219 2149 350 2183 Animos
363 2160 468 2182 eorum
482 2150 550 2192 ipsa
566 2150 736 2183 elocutione
751 2150 941 2191 invadendo,
964 2150 1074 2182 horum
1097 2150 1197 2183 altero
1223 2159 1296 2183 sono
1318 2150 1400 2183 cocis
1414 2159 1520 2192 aures,
1531 2150 1632 2182 altero

143 2197 236 2235 cestu
251 2194 388 2236 corporis
404 2194 506 2226 oculos
521 2195 731 2227 demulcendo.

763 2278 1008 2295 ememteee

191 2350 207 2379 l
224 2346 306 2380 Vet.
324 2345 485 2384 Quantum
500 2348 689 2379 momentum
703 2346 747 2379 sit
762 2346 796 2378 in
810 2345 1072 2388 pronuntiatione
1088 2348 1119 2378 et
1131 2348 1205 2388 apto
1218 2348 1304 2378 motu
1315 2346 1533 2387 corpori³.—2
1550 2344 1632 2376 Par.

146 2392 180 2422 4.
197 2390 231 2422 in
246 2393 342 2422 motu.
379 2391 466 2422 Mox
481 2390 609 2432 Ultraj.
627 2393 659 2422 l.
675 2393 708 2423 2.
727 2390 854 2432 Copes.
871 2390 985 2422 Bitur.
1004 2393 1041 2421 et
1057 2389 1151 2431 Mog.
1168 2389 1279 2431 quibus
1296 2390 1351 2431 qui
1364 2398 1408 2429 se,
1430 2390 1483 2428 δῖε.
1509 2389 1632 2430 reliqui

147 2443 225 2466 cum
242 2433 323 2467 edd.
348 2438 431 2466 ante
446 2433 548 2476 Pigh.
572 2433 684 2476 quibus
706 2443 775 2466 cum
796 2443 830 2466 se
854 2432 1126 2466 instruxerim-ms
1151 2433 1216 2466 Sed
1237 2432 1392 2475 propositi
1419 2432 1523 2474 vulgo
1549 2438 1632 2464 ante

819 2521 963 2556 NOTAE

193 2589 209 2607 ⁸
232 2587 299 2623 Qut
311 2587 445 2629 occulte]
469 2587 584 2620 Aliter
608 2587 781 2626 Ciceroni,
803 2587 864 2620 ali·
912 2586 1012 2619 brevi
1028 2586 1155 2619 sensim
1174 2585 1428 2628 graviusculum
1446 2592 1566 2616 sonum
1583 2583 1634 2615 in-

151 2641 207 2668 ter
231 2636 346 2670 Gellio
371 2639 500 2680 placet.
545 2639 670 2672 Cicero
685 2640 777 2672 enim
793 2640 864 2671 Va·
913 2638 1076 2680 spiraret,
1116 2637 1159 2669 ad
1201 2635 1467 2679 deprimendum
1512 2635 1636 2667 sedan-

150 2686 238 2729 lerio
265 2688 461 2729 consentin
495 2689 630 2723 Gellius
659 2700 727 2722 non
758 2690 864 2723 item:
915 2689 1067 2732 dumque
1083 2689 1251 2731 impetum
1268 2687 1362 2719 illius
1379 2685 1500 2719 vocis!
1536 2685 1635 2718 Cice-

154 2738 229 2770 vult
244 2739 335 2771 enim
351 2739 445 2772 illum
459 2741 636 2774 homiuem
653 2742 663 2760 ‘
677 2741 815 2774 stetisse
831 2741 866 2773 in
916 2741 992 2773 roni
1011 2745 1048 2773 et
1063 2740 1204 2772 Valerio
1234 2738 1421 2771 subscribit
1449 2737 1636 2772 Quintilia-

152 2789 452 2824 circumstantlbus
473 2793 656 2834 occultius,
678 2793 737 2836 qui
752 2792 868 2826 fistula
914 2797 980 2825 ‘nus
998 2792 1041 2825 de
1059 2792 1143 2824 Inst.
1160 2791 1260 2824 Orat.
1279 2789 1339 2823 lib.
1355 2799 1380 2822 i.
