1878 3132
414 194 524 227 GAP.
546 194 614 225 lv.
647 193 712 226 ΒΕ
745 192 964 226 PIETATE
1000 194 1050 225 {N
1090 194 1374 231 PARENTES.
1552 188 1640 232 547

157 292 283 335 sione
312 292 427 336 bene
456 292 643 336 finiendi
658 292 716 319 ¹⁶⁰
744 292 855 336 belli
885 292 1110 344 inductus,
1136 293 1383 348 legitimum
1411 295 1641 339 obtinendi

156 362 333 418 imperii
356 367 534 419 tempus
559 362 866 405 excessisset:
897 361 1111 417 quodque
1142 361 1284 405 filium
1307 364 1493 419 optimae
1513 364 1642 408 indo-

155 430 214 473 lis
234 430 463 487 juvenem,
482 431 653 475 rustico
683 444 822 487 opere
851 435 1084 486 gravatum
1115 431 1315 487 publicis
1346 432 1502 475 usibus
1534 435 1642 477 sub-

157 500 399 544 traheret.¹⁷
460 500 515 543 Id
554 505 798 556 postquam
813 499 846 526 ¹⁸
889 497 1126 543 Manliusd
1171 500 1442 543 adolescens
1475 515 1642 557 cogno-

157 568 238 620 vit,
257 568 462 624 protinus
479 567 648 612 Urbem
667 569 813 625 petiit,
828 573 874 612 et
894 581 944 612 se
964 568 1010 610 in
1031 568 1276 624 Pomponii
1298 569 1479 612 domum
1499 572 1644 626 prima

158 637 260 680 luce
280 637 462 695 direxit.
524 637 619 690 Qui
648 637 916 680 existimans
946 637 994 679 in
1023 636 1108 681 hoc
1138 652 1241 681 eum
1264 639 1461 691 venisse,
1483 643 1533 682 ut
1563 653 1643 695 pa-

158 707 237 750 tris
259 707 459 760 crimina,
481 721 510 751 a
529 720 619 763 quo
647 707 752 762 plus
776 706 906 762 justo
937 719 1095 762 aspere
1120 708 1418 760 tractabatur,
1436 708 1643 760 deferret,

158 777 377 820 excedere
399 790 556 822 omnes
568 776 710 833 jussit
731 776 956 828 cubiculo,
977 789 1069 832 quo
1091 777 1297 820 licentius
1318 778 1505 820 remotis
1526 778 1645 820 arbi-

158 845 240 888 tris
260 845 472 889 indicium
503 850 746 902 perageret.
808 845 991 888 Nactus
1022 845 1312 889 occasionem
1342 850 1646 902 opportunam

160 916 398 971 proposito
425 928 508 958 suo
538 915 739 971 juvenis,
769 914 980 970 gladium,
1009 928 1139 971 quern
1173 919 1339 958 tectum
1353 921 1388 949 ¹⁹
1417 915 1646 967 attulerat,

159 981 412 1036 destrinxit,
431 984 748 1039 tribunumque
770 983 902 1025 minis
922 995 978 1026 ac
997 988 1166 1027 terrore
1185 985 1468 1040 compulsum
1491 985 1646 1041 Jurare

159 1051 321 1108 coegit,
342 1066 370 1096 a
391 1053 534 1108 patris
555 1052 656 1108 ejus
678 1053 974 1095 accusatione
1004 1066 1312 1097 recessurum:
1343 1067 1488 1110 eoque
1510 1053 1648 1096 effec-

161 1126 258 1164 tum
278 1126 366 1174 est,
386 1135 442 1165 ne
462 1122 727 1178 Torquatus
739 1126 776 1147 ²0
806 1135 992 1166 causam
1023 1123 1207 1167 diceret.
1268 1122 1650 1166 Commendabilis

159 1194 234 1233 est,
250 1191 409 1246 pietaS,
432 1204 533 1246 quae
553 1191 802 1234 mansuetis
822 1192 1083 1246 parentibus
1109 1197 1379 1248 praestatur:
1411 1191 1491 1234 sed
1514 1192 1565 1234 M
1569 1205 1649 1235 an-

160 1260 265 1312 lius,
285 1273 378 1316 quo
408 1259 704 1303 horridiorem
734 1264 908 1316 patrem
934 1261 1108 1314 habuit,
1129 1262 1216 1305 hoc
1235 1262 1509 1305 laudabilius
1531 1260 1649 1317 peri-

160 1330 266 1372 culo
285 1329 381 1386 ejus
399 1331 627 1385 subvenit,
649 1330 728 1386 qui
741 1334 774 1356 ²¹
808 1330 867 1373 ad
899 1344 1001 1374 eum
1024 1332 1297 1386 diligendum
1328 1336 1493 1387 praeter
1519 1335 1650 1375 natu-

162 1398 303 1442 ralem
336 1393 548 1451 a‘morem,
590 1399 716 1441 nullo
757 1399 1046 1456 indulgentiae
1085 1401 1387 1444 blandimento
1429 1401 1647 1444 invitatus

163 1467 336 1512 fueraut

220 1536 264 1578 4.
297 1536 434 1579 Hanc
471 1537 688 1592 pietatem
725 1537 964 1587 aemulatus
999 1537 1066 1580 M.
1093 1538 1308 1590 Cotta,²²⁶
1337 1551 1393 1581 eo
1428 1538 1530 1595 ipso
1558 1539 1649 1590 die,

164 1618 257 1660 quo
277 1608 426 1661 togam
459 1607 621 1649 sumsit
642 1606 833 1658 virilem,
851 1607 1058 1662 protinus
1084 1612 1138 1650 ut
1158 1622 1183 1650 e
1207 1607 1440 1663 Capitolio
1463 1608 1650 1650 descen-

786 1740 1026 1754 01‘000060000
1057 1730 1065 1735 .

163 1828 271 1867 quoto.
316 1823 408 1857 Vide
430 1824 592 1857 Perizon.
610 1822 798 1856 Animadv.
817 1824 914 1858 Hist.
933 1835 966 1867 p.
981 1827 1148 1858 soh—16
1169 1824 1228 1857 Sic
1244 1824 1391 1867 Pighius
1404 1834 1448 1856 ex
1466 1823 1652 1857 Gemblac.

165 1868 359 1911 rescripsit.
405 1868 526 1901 Ceteri
539 1868 622 1900 Mss.
643 1873 679 1901 et
694 1868 794 1901 editt.
812 1872 949 1901 veteres
964 1878 1082 1901 omnes
1090 1868 1253 1909 faciendi,
1270 1869 1336 1900 nisi
1349 1867 1441 1911 quod
1460 1868 1533 1900 Bit.
1548 1868 1651 1910 prim.

166 1912 307 1944 exbibet
324 1911 508 1955 benefiendt‘.
554 1911 654 1944 Idem
679 1911 824 1952 Pighius
840 1912 933 1955 conj.
949 1912 1152 1955 conficiendi,·
1175 1918 1211 1944 et
1230 1913 1280 1944 sic
1298 1912 1426 1954 Delph.
1448 1916 1485 1944 et
1509 1912 1654 1944 Torren.

164 1955 324 1988 occasione
337 1955 520 1999 perficiendi
535 1954 617 1988 belli.
664 1954 722 1987 Ab
741 1954 830 1988 Aldu
854 1955 1054 1998 profectum
1077 1956 1216 1988 videtur
1236 1957 1371 1994 dudm,-
1395 1955 1475 1989 edd.
1503 1955 1654 1998 antiqui-

166 2008 245 2032 ores
275 2009 353 2032 cum
384 1998 551 2031 tredecim
577 1998 679 2032 codd.
704 1999 848 2032 Torren.
872 2000 1031 2032 inductus.
1077 1998 1216 2032 Deinde
1242 2000 1362 2032 multae
1384 1999 1466 2032 edd.
1490 1998 1654 2032 obtinendi

166 2042 345 2084 legitimum
359 2042 488 2085 imperii
508 2045 630 2083 tempus
641 2053 653 2081 ,·
677 2042 755 2074 cod.
775 2042 934 2077 Perizon.
959 2043 1104 2084 legitime
1118 2043 1282 2075 obtinendi
1291 2054 1304 2081 ,¹
1327 2043 1437 2076 ceteri
1453 2042 1557 2075 codd.
1575 2053 1654 2075 cum

164 2086 264 2128 Mog.
290 2086 377 2118 utin
390 2089 588 2118 textu.—-17
613 2085 733 2119 Codex
749 2086 924 2119 Pcrizonii
942 2087 1120 2128 publia-ibus
1134 2087 1334 2119 subrtaheret
1345 2097 1358 2124 ;
1382 2086 1444 2118 sed
1460 2087 1517 2118 alii
1533 2095 1653 2118 omnes

168 2129 272 2162 codd.
284 2132 446 2162 servant:
470 2129 604 2171 publicis
627 2129 735 2162 usibus
759 2130 1062 2163 subtraheret.—18
1087 2131 1179 2167 Quod
1200 2141 1271 2163 cum
1298 2130 1443 2162 Manlius
1458 2129 1558 2162 Leid.
1575 2133 1655 2162 1.-

168 2175 211 2205 19
233 2173 320 2205 Tres
337 2172 595 2205 coddfforren.
611 2175 816 2206 tectum—20
840 2173 898 2206 Ita
913 2183 1031 2206 omnes
1047 2174 1303 2206 codd.Torren.
1331 2178 1369 2206 et
1394 2173 1475 2207 edd.
1499 2178 1588 2205 vett.
1615 2183 1655 2205 ne

168 2216 375 2258 Imperioms
401 2215 505 2257 Pigh.
532 2216 646 2249 Coler.
674 2217 780 2258 Thys.
796 2222 832 2249 et
848 2217 1063 2259 Delph.—2l
1087 2217 1146 2249 Sic
1160 2222 1214 2250 est
1230 2217 1264 2249 in
1282 2217 1531 2250 vetustioribus
1548 2216 1653 2248 editis

167 2264 204 2292 et
219 2259 403 2292 duodecim
420 2259 507 2291 Mss.
520 2269 629 2302 quare
652 2259 839 2292 Torrenius
855 2261 1026 2301 restituit,
1048 2270 1126 2294 cum
1141 2261 1287 2304 Pighius
1304 2261 1433 2303 aliique
1450 2270 1527 2292 eum
1544 2260 1655 2292 secuti

167 2303 348 2336 dedissent
360 2303 448 2345 quia,
470 2303 563 2346 quod
577 2302 710 2336 habent
726 2303 824 2337 Leid.
837 2306 871 2337 6.
890 2309 927 2337 et
949 2304 1051 2338 Leid.
1069 2307 1101 2337 7.
1122 2304 1167 2337 ab
1192 2305 1234 2337 al.
1261 2307 1396 2337 m.—22
1420 2305 1472 2339 M.
1492 2305 1591 2336 Cocta
1618 2304 1653 2335 in

838 2416 984 2450 NOTAE

212 2508 227 2525 ⁶
250 2503 423 2536 Occasione
436 2503 577 2546 finiendi
602 2503 692 2546 belli]
717 2502 816 2536 Clavi
846 2502 884 2536 fi·
940 2503 975 2536 in
990 2508 1141 2546 patrem,
1157 2503 1192 2536 in
1204 2502 1313 2536 fllium
1326 2499 1565 2544 postennimio
1579 2499 1655 2540 plus

170 2556 276 2598 gendi
298 2565 405 2588 causa
427 2555 590 2588 Dictator
617 2559 758 2588 creatus
783 2558 884 2594 erat3
940 2566 1094 2590 severus.

170 2607 265 2650 quod
280 2612 398 2640 tamen
412 2607 542 2640 bellum
570 2606 763 2640 Hernicum
780 2606 884 2640 affec-
985 2612 1000 2646 ξ
1027 2607 1080 2640 An
1105 2607 1158 2640 M.
1179 2609 1278 2640 3692.
1296 2605 1354 2638 Ol.
1371 2606 1446 2637 104.
1465 2605 1496 2636 8.
1513 2601 1599 2635 Urb.
1616 2601 1655 2634 C.

171 2663 276 2701 taret,
286 2660 449 2702 populus,
463 2659 678 2703 Tribunique
691 2659 884 2703 quereban-
941 2662 1017 2693 391.
1033 2661 1116 2692 Ant.
1129 2660 1192 2692 Ch.
1207 2661 1285 2691 861.

171 2714 240 2750 tur,
264 2710 409 2753 ipseque
439 2720 499 2743 seu
526 2711 572 2752 vi,
589 2721 648 2743 seu
676 2710 886 2744 verecundia
984 2716 998 2732 θ
1022 2712 1074 2744 Μ.
1091 2709 1201 2751 Cotta]
1228 2708 1333 2741 Nullo
1346 2711 1445 2749 gesto
1461 2706 1589 2739 bonore
1606 2706 1655 2738 in-

171 2762 257 2794 abiit
272 2762 472 2804 Dictatura,
489 2773 532 2795 ex
550 2763 648 2796 Livio
664 2764 723 2797 lib.
739 2773 807 2797 vn.
939 2763 1058 2805 signis,
1072 2762 1133 2794 sed
1147 2762 1198 2793 M.
1213 2761 1253 2793 C.
1274 2764 1310 2792 et
1328 2760 1367 2792 L.
1390 2759 1571 2791 Cottarum
1594 2768 1654 2801 ps-

204 2812 221 2833 ⁶
245 2813 403 2854 Manlius]
418 2814 706 2857 :rorquatus,qui
719 2820 791 2848 tum
807 2814 883 2857 pius
940 2819 1008 2857 ter,
1022 2814 1081 2856 qui
1098 2812 1266 2847 Consules
1280 2810 1435 2845 fuerunt.
