1878 3132
304 152 391 199 782
695 171 902 202 umam
936 172 1128 204 MAXlMl
1165 168 1388 208 mavul.

361 264 402 306 2.
434 264 634 308 Pericles
656 271 802 310 autem
822 269 1098 313 felicissimis
1115 277 1147 296 ¹0
1177 276 1346 315 naturae
1369 274 1663 327 incrementis,
1681 276 1768 318 sub

302 329 596 387 Anaxagoraj
638 343 920 392 praeceptore
954 352 1127 382 summo
1164 341 1313 383 studio
1344 342 1596 397 perpolitus
1625 348 1672 386 et
1692 344 1768 389 ‚in-

300 402 511 451 structus,
547 404 702 446 liberis
733 404 1008 448 Athenarum
1049 408 1296 450 cervicibus
1343 409 1501 464 jugum
1545 411 1768 457 servitutis

300 467 538 523 imposuit:
570 473 656 524 egit
687 474 802 514 enim
835 474 909 515 ille
943 475 1110 525 urbem,
1151 481 1193 518 et
1227 479 1421 519 versavit
1453 479 1636 521 arbitrio
1662 492 1764 525 suo.

302 537 506 593 Cumque
527 540 738 583 adversus
762 542 1037 584 voluntatem
1073 545 1224 598 populi
1257 546 1531 600 loqueretur;
1567 546 1768 602 jucunda

298 606 601 660 nihilominus,
638 614 684 650 et
715 610 945 664 popularis
975 611 1071 666 ejus
1106 625 1197 654 vox
1231 618 1339 656 erat.
1407 614 1566 670 Itaque
1600 616 1766 658 veteris

298 674 567 719 comoediaek
601 677 824 720 maledica
857 679 1022 732 lingua,
1048 681 1253 734 quamvis
1288 674 1636 737 potentiam'viri
1670 697 1767 740 per-

296 743 509 798 stringere
548 746 775 800 cupiebat,
807 750 952 788 tamen
997 749 1069 790 ‘in
1107 740 1245 791 labris
1277 750 1375 806 ejus
1406 741 1599 793 hominis
1631 752 1764 795 melle

270 811 539 855 *dulciorem
577 814 802 868 leporem'
851 814 1076 860 fatebatur
1127 818 1379 865 ‘habitaret
1433 809 1765 876 inque'animis

294 893 462 932 eorum,
501 883 577 937 qui
614 883 739 925 illum
781 884 1026 944 audierant,
1070 888 1199 942 quasi
1233 888 1414 931 aculeos
1445 889 1664 944 quosdam
1695 902 1764 938 re-

291 948 455 1004 linqui’
486 951 776 1005 praedicabat.
837 953 994 996 Fertur
1013 955 1208 1009 quidam,
1238 970 1338 998 cum
1360 956 1601 1000 admodum
1623 952 1764 1001 senex

290 1018 448 1071 primae
471 1019 675 1061 concioni
696 1020 886 1062 Periclis
922 1022 1242 1066 adolescentuli
1275 1025 1520 1077 interesset,
1554 1026 1764 1083 idemque

283 1085 467 1140 juvenis
485 1087 771 1131 Pisistratum
785 1088 879 1145 jam
893 1087 1171 1146 decrepitum
1188 1094 1526 1136 concionantem
1542 1094 1762 1147 audisset,

287 1168 376 1197 non
397 1161 675 1212 temperasse
696 1159 782 1201 sibi
805 1173 897 1214 quo
919 1161 1064 1203 minus
1097 1162 1390 1214 exclamaret,
1422 1167 1436 1185 ‘
1454 1162 1614 1206 Caveri
1634 1163 1760 1206 illum

289 1224 431 1267 civem
473 1231 693 1281 oportere,
745 1229 863 1283 quod
901 1229 1129 1272 Pisistrati
1166 1232 1359 1273 orationi
1397 1232 1627 1274 simillima
1666 1233 1761 1287 ejus

288 1299 411 1336 esset
431 1294 646 1337 oratio.’¹¹
709 1297 809 1339 Nec
841 1297 1062 1341 hominem
1094 1304 1174 1341 aut
1205 1301 1449 1342 aestimatio
1470 1300 1651 1356 eloquii,
1683 1304 1763 1343 aut

286 1375 459 1404 morum
480 1364 711 1417 augurium
729 1364 903 1408 fefellit.
965 1366 1089 1418 Quid
1119 1368 1235 1409 enim
1271 1368 1382 1410 inter
1403 1367 1689 1410 Pisistratum
1717 1372 1771 1425 et-

286 1429 511 1473 Periclem
532 1432 744 1485 interfuit,
772 1434 859 1476 nisi
881 1436 1003 1490 quod
1031 1435 1106 1477 ille
1142 1440 1355 1488 armatus,
1389 1436 1461 1479 hic
1496 1437 1591 1479 sine
1625 1436 1760 1478 armis

286 1501 559 1554 tyrannidem
578 1503 718 1556 gessit
733 1504 750 1544 ‘l
767 1499 805 1537 ι*

341 1569 388 1611 3.
420 1568 650 1621 Quantum
696 1571 957 1627 eloquentia
1009 1575 1206 1617 valuisse
1245 1574 1507 1629 Hegesiam,
1547 1572 1759 1628 Cyrenai-

285 1643 428 1679 cumm
455 1639 792 1695 philosophum,
829 1642 1109 1694 arbitramur,
1149 1644 1223 1699 qui
1252 1645 1319 1686 sic
1352 1643 1475 1686 mala
1506 1642 1611 1685 vitae
1627 1647 1660 1667 ¹²
1690 1645 1758 1684 re-

897 1749 1141 1765 oeeeeaebeneae

277 1824 492 1864 felicissimus.
538 1825 637 1859 Idem
652 1828 755 1868 paulo
772 1832 871 1869 post:
895 1827 982 1860 illam
998 1828 1105 1861 urbem
1119 1833 1151 1861 et
1166 1830 1313 1863 vexavit.-
1346 1830 1426 1862 Par.
1441 1832 1474 1862 1.
1491 1832 1526 1862 2.
1542 1829 1649 1862 Barbt
1669 1831 1701 1862 1.
1716 1832 1754 1861 et

283 1869 315 1899 V
317 1871 364 1900 et.
384 1870 487 1900 etiam
513 1869 699 1903 illam—11
723 1872 837 1912 Vulgo
853 1876 934 1904 ante
951 1871 1109 1913 Pighinm
1126 1873 1324 1914 legebatur,
1339 1874 1430 1913 foret
1444 1873 1572 1911 cratim
1594 1872 1655 1904 sed
1672 1875 1754 1905 emt

280 1911 410 1944 habent
425 1913 511 1945 Mss.
529 1917 564 1945 et
581 1914 677 1954 Mog.
693 1919 728 1946 et
744 1914 887 1947 Mediol.
935 1914 977 1946 In
1002 1915 1071 1947 fine
1094 1925 1154 1957 pro
1171 1917 1332 1956 interfuit,
1346 1917 1500 1948 nonnulli
1515 1916 1648 1948 interest
1664 1924 1755 1958 proe-

277 1953 494 1988 ferunt.—-l2
517 1957 642 1997 Copes.
657 1958 748 1997 hujus
762 1957 849 1990 υἱέα.
896 1958 1028 1990 Postea
1045 1959 1203 2001 plerique
1228 1960 1311 1992 Mss.
1337 1960 1448 1991 mortis
1468 1960 1665 2001 appetenda»,
1686 1966 1755 1991 uon

282 2000 474 2041 oppetendoe,
494 2000 586 2041 quod
604 2001 708 2032 estin
727 2001 855 2042 Ultraj.
879 2004 912 2033 2.
929 2001 989 2033 sed
1007 2002 1132 2043 Ultraj.
1152 2007 1182 2035 1.
1198 2003 1322 2035 habet:
1347 2003 1556 2035 voluntariam
1575 2002 1686 2035 mortis
1698 2010 1754 2044 ap-

278 2043 444 2082 petendae;
467 2047 502 2075 et
520 2042 569 2076 sic
584 2043 665 2076 Vet-

868 2149 894 2164 .‹
943 2109 1089 2142 NOTAE

283 2186 406 2215 auctor
421 2187 473 2215 est
489 2183 611 2217 Cicero
628 2185 672 2217 de
688 2185 785 2219 Orat.
801 2186 862 2219 lib.
878 2195 936 2219 111.
1041 2187 1117 2220 silio
1145 2190 1181 2220 et
1205 2188 1399 2231 eloquentia
1420 2188 1593 2221 excellens
1607 2186 1753 2230 quadra·

325 2233 345 2253 ⁸
367 2233 436 2267 An.
452 2235 506 2267 M.
520 2238 619 2268 3488.
644 2236 700 2269 Ol.
718 2240 771 2269 53.
785 2240 816 2270 3.
847 2238 932 2270 Urb.
951 2238 991 2270 C.
1041 2240 1138 2281 ginta
1165 2241 1261 2272 annis
1289 2239 1429 2282 praefnit
1454 2238 1624 2279 Athenis3
1644 2244 1681 2270 et
1700 2248 1754 2270 ur-

282 2287 357 2317 18⁷.
379 2284 464 2317 Ant.
480 2286 542 2318 Ch.
560 2290 636 2318 565.
1041 2289 1139 2322 banis
1167 2290 1289 2323 eodem
1314 2295 1470 2332 tempore
1492 2295 1528 2322 et
1551 2289 1684 2322 bellicis
1700 2299 1751 2320 re-

320 2333 562 2378 JAnaxagom]
593 2336 685 2370 Vide
713 2337 771 2370 lib.
802 2347 836 2371 v.
878 2349 908 2371 c.
940 2341 992 2372 10.
1041 2339 1118 2372 bus.
1171 2341 1230 2373 Ita
1258 2342 1381 2374 Cicero
1411 2341 1454 2373 de
1479 2341 1581 2373 Orat.
1610 2340 1670 2373 lib,
1695 2349 1751 2371 m.

282 2397 317 2421 n.
335 2390 367 2421 3.
392 2393 429 2421 et
445 2388 489 2421 de
505 2389 642 2422 Pericle
658 2390 719 2422 lib.
736 2399 778 2422 11.
800 2400 831 2422 c.
848 2394 880 2423 6.
1042 2393 1100 2434 qui
1130 2393 1252 2426 eadem
1282 2394 1435 2435 omnino,
1469 2403 1548 2436 quae
1579 2393 1751 2434 Valerius,

326 2438 342 2460 Ι*
369 2440 494 2473 Veteris
507 2441 679 2482 comoedioe]
703 2442 803 2475 Quod
822 2442 872 2474 his
887 2443 991 2475 versi·
1040 2443 1158 2476 habet.
1718 2463 1721 2469 =

280 2490 343 2522 bus
372 2491 455 2523 lusit
483 2492 651 2524 Horatius
682 2493 756 2525 Sat.
782 2493 843 2525 lib.
868 2503 894 2525 1.
929 2494 938 2511 ‘
955 2494 991 2525 Si
1086 2497 1101 2527 †
1122 2494 1369 2528 An.M.3622.
1405 2495 1463 2528 Ol.
1475 2498 1530 2527 87.
1547 2498 1578 2527 1.
1612 2495 1750 2529 Urb.c.

279 2541 354 2583 quis
370 2546 447 2574 erat
463 2543 585 2584 dignus
601 2539 762 2585 describi,
790 2545 848 2587 qui
871 2545 990 2586 malus,
1040 2547 1116 2577 321.
1147 2546 1231 2578 Ant.
1250 2547 1312 2579 Ch.
1328 2549 1405 2579 431.

279 2597 340 2625 aut
355 2592 423 2634 fur,
445 2594 518 2626 Aut
533 2595 684 2628 moechus
699 2594 799 2636 foret,
820 2599 880 2627 aut
904 2596 990 2627 sica·
1081 2600 1107 2626 ¹¹¹.
1140 2597 1362 2638 Cyrenaicum]
1407 2597 1591 2639 Cyrenaici
1631 2606 1750 2630 omnes

282 2644 365 2686 rius,
400 2649 460 2677 aut
500 2645 630 2688 alioqui
672 2647 851 2687 Firmosus,
882 2647 991 2679 multa
1039 2646 1240 2688 Philosophi
1255 2647 1298 2679 ab
1314 2647 1508 2689 Aristippo,
1531 2647 1590 2689 qui
1613 2648 1749 2689 Cyrene

280 2704 357 2727 eum
373 2696 535 2730 libertate
551 2698 742 2731 notabant!
1039 2697 1202 2730 oriundus
1219 2702 1307 2739 erat,
1327 2696 1574 2740 profluxerant.-

325 2745 333 2766 ¹
351 2748 561 2788 Tyrannidem
575 2749 690 2792 gessit]
712 2750 895 2791 Doctrina,
910 2759 989 2782 con-
