1878 3132
258 170 346 213 494

257 277 390 320 licius
404 278 430 321 :⁶
458 278 564 333 quia
593 281 776 323 multum
799 279 1105 336 occupasse‚¹⁶
1132 281 1294 323 habere
1323 281 1539 326 invidiam
1556 284 1726 339 potuit:

256 349 425 388 tantum
444 347 670 398 tribuisse,
693 349 835 401 gloria
855 361 1004 391 carere
1019 362 1107 391 non
1124 351 1308 404 potuit.*
1717 373 1719 375 v

313 415 354 455 5.
386 414 515 457 Illius
545 429 651 458 vero
685 416 906 460 Romanae
938 411 1221 460 liberalitatis
1255 419 1483 461 coelestem
1521 420 1726 474 spiritum

254 483 388 524 nullae
409 483 553 525 literae
576 486 686 527 satis
703 485 845 540 dignis
855 486 1064 529 laudibus
1077 492 1413 542 prosequentur.
1475 488 1727 544 Philippo*

255 551 373 593 enim
408 550 707 594 Macedonum
722 559 754 585 ¹⁷
785 567 886 608 rege
919 558 1145 610 superato,
1181 569 1284 597 cum
1320 556 1377 598 ad
1414 556 1676 600 Isthmicum
1690 556 1724 583 ¹⁸

255 619 600 674 spectaculumh
630 626 728 664 tota
758 621 941 665 Graecia
972 623 1273 675 convenisset,
1300 624 1354 666 T.
1377 623 1591 676 Quintius
1622 625 1725 668 Fla-

253 687 493 730 mininus¹⁹
523 691 643 732 tubae
677 691 805 744 signo
840 691 1024 734 silentio
1056 692 1193 743 facto,
1226 705 1306 747 per
1334 705 1590 747 praeconem
1624 692 1723 736 haec

253 755 392 798 verba
426 758 608 799 recitari
639 759 793 814 jussit,
823 762 836 781 ‘
853 760 900 801 S.
923 759 978 803 P.
1001 759 1059 812 Q.
1083 760 1141 802 R.
1163 764 1208 802 et
1226 760 1282 802 T.
1314 759 1527 812 Quintius
1558 761 1724 805 Flami·-

251 823 384 865 ninus
416 824 670 879 Imperator
705 839 861 869 omnes
894 827 1086 871 Graeciae
1123 829 1275 880 urbes,
1310 843 1410 885 quae
1446 830 1530 871 sub
1556 829 1722 872 ditione

252 892 456 948 Philippi
475 895 592 948 regis
611 895 802 946 fuerunt,
822 896 991 939 liberas
1018 902 1155 952 atque
1191 897 1407 940 immunes
1437 910 1540 939 esse
1565 897 1725 952 jubet-²

252 959 432 1011 Quibus
453 962 632 1014 auditis,
653 965 854 1007 maximo
882 969 925 1008 et
950 966 1181 1021 inopinato
1202 966 1367 1020 gaudio
1397 965 1602 1021 homines
1619 979 1720 1021 per·

250 1028 418 1080 culsi,²0
447 1031 589 1085 primo
611 1032 745 1074 veluti
765 1046 856 1075 non
875 1034 1054 1077 audisse
1072 1048 1138 1086 se,
1154 1047 1257 1089 quae
1279 1034 1523 1085 audierant,
1544 1034 1721 1078 creden-

247 1099 334 1147 tes,
356 1098 647 1142 obticuerunt.
705 1100 878 1144 Iterata
897 1102 1058 1144 deinde
1086 1103 1450 1157 pronuntiatione
1479 1104 1720 1156 praeconis,

246 1167 372 1207 tanta
402 1167 567 1209 coelum
603 1168 813 1210 clamoris
849 1170 1080 1212 alacritate
1103 1170 1490 1225 compleverunt‚²¹
1520 1174 1569 1213 ut
1601 1173 1718 1213 certo

620 207 623 211 ,
651 184 861 217 VALERH
895 185 1092 217 MAXIM!
1128 187 1225 219 LlB.
1258 187 1324 218 1V.

290 1303 300 1326 ⁶
320 1305 436 1339 Asiam
451 1307 531 1339 bello
544 1311 671 1349 partam
686 1309 806 1341 dedisse
818 1310 988 1350 gloriosius
1007 1311 1090 1352 suit,
1105 1321 1196 1352 quam
1209 1311 1298 1344 illam
1311 1310 1444 1343 vincere.

855 1405 896 1418 Ν
898 1406 997 1419 “““
997 1406 1098 1419 ΝΜ

242 1475 363 1526 decem
379 1477 479 1510 codd.
493 1479 637 1512 Torren.
655 1479 834 1531 Πνῦὶ.-]6
848 1481 948 1513 Harl.
963 1485 999 1513 et
1009 1482 1136 1532 tlltraj.
1150 1486 1181 1515 l.
1197 1484 1295 1515 multa
1307 1485 1569 1533 θεώμεθα-ψ
1595 1483 1713 1534 longe

243 1529 366 1594 xil-313.
379 1522 1385 1607 2353,mi33¹zz¹2513¹2¹fflffi553¹213¹n‘33555‘2353333
1391 1526 1713 1609 {tristega

241 1604 410 1638 Ithmicum
426 1608 550 1649 Copes.
577 1609 762 1641 Ischmicum
776 1610 872 1650 Mog.
896 1610 1022 1651 insigne
1039 1611 1137 1644 Leid.
1151 1615 1184 1644 6.
1208 1612 1375 1644 disinicum
1390 1612 1488 1645 Leid.
1503 1615 1535 1645 2.
1561 1612 1712 1645 Isinitum

242 1648 366 1690 Ultraj.
378 1652 410 1682 2.
424 1650 459 1682 id
473 1655 539 1683 tum
555 1654 668 1684 mirum
684 1653 782 1685 Harl.
798 1653 912 1685 Bitnr.
927 1656 956 1686 1.
975 1654 1098 1696 Ultraj.
1115 1658 1145 1687 1.
1161 1655 1260 1687 Leid.
1274 1658 1307 1688 4.
1324 1660 1360 1687 et
1372 1655 1452 1688 vet.
1467 1656 1550 1687 istuc
1566 1655 1663 1688 Leid.
1677 1658 1711 1688 6.

240 1691 326 1722 istud
340 1696 405 1724 tam
421 1694 536 1726 mirum
552 1696 648 1727 Leid.
664 1698 696 1727 7.
722 1696 955 1728 Histrionicum
971 1707 1058 1729 unns
1076 1699 1198 1730 Rhem.
1213 1708 1283 1729 cum
1297 1700 1339 1730 ad
1354 1699 1387 1730 id
1403 1701 1467 1730 tum
1483 1698 1607 1738 insigne
1630 1698 1710 1731 edd.

240 1739 321 1766 aute
335 1735 595 1776 Pighinm.—19
617 1738 721 1771 Multi
747 1744 802 1771 sat
827 1739 930 1771 codd.
958 1740 994 1771 T.
1017 1741 1192 1778 Quintius,·
1214 1742 1275 1773 sed
1303 1751 1366 1783 pro
1389 1741 1599 1782 Flamininus,
1617 1740 1709 1783 quod

241 1778 394 1810 restituit
418 1780 574 1821 Pighius,
591 1782 786 1821 Flumineus,
810 1783 864 1813 vel
896 1783 1071 1814 Flaminius
1097 1783 1281 1816 exhibent:
1307 1789 1343 1815 et
1369 1784 1418 1814 sic
1444 1785 1546 1824 paulo
1571 1789 1710 1826 post.—

239 1822 282 1851 20
305 1821 426 1854 Rhem.
451 1830 488 1855 et
506 1824 626 1856 Leidd.
644 1828 675 1856 l.
692 1828 726 1856 5.
749 1834 853 1856 omnes
872 1826 1108 1866 perculsi.—-21
1134 1827 1261 1868 Copes.
1287 1828 1526 1867 computet-unm
1549 1827 1709 1859 perizon.

238 1864 330 1905 conj.
359 1865 562 1906 impulerunt.
619 1868 704 1900 Mox
733 1871 768 1900 ut
796 1870 880 1900 certe
909 1869 1069 1901 undecim
1099 1870 1202 1901 codd.
1232 1870 1375 1902 Torren.
1404 1879 1479 1902 cum
1507 1869 1588 1902 edd.
1626 1875 1706 1902 ante

900 1965 932 1999 N
940 1964 1048 1998 OTAE

998 2046 1055 2074 tur
1085 2042 1316 2074 Macedonum
1341 2046 1422 2076 octo
1452 2042 1570 2082 millia,
1600 2047 1705 2086 capta

997 2093 1156 2136 quinque.
1203 2093 1261 2125 Ita
1276 2094 1403 2135 Polyb.
1427 2093 1523 2126 Plut.
1537 2094 1703 2136 Zonaras,

996 2149 1032 2176 et
1049 2144 1118 2176 alii.

280 2046 296 2069 Β
320 2041 466 2083 Philippo
481 2043 574 2083 enim,
592 2042 662 2084 ξω]
684 2043 745 2074 Bis
763 2042 845 2074 vicit
858 2042 942 2074 Phi-

235 2092 367 2134 lippum
384 2093 614 2134 Flamininus3
632 2095 736 2126 semel
754 2094 796 2126 ad
810 2093 941 2135 Apsum

236 2152 380 2184 amnem,
403 2144 459 2175 ubi
487 2145 658 2186 superatis
684 2145 772 2177 duce
800 2150 940 2187 pastore

192 2231 194 2234 .
234 2193 402 2226 montium
424 2194 532 2235 jugis,
557 2205 577 2227 a
605 2201 702 2236 tergo
724 2196 855 2238 Regem
881 2206 938 2238 ag-

232 2253 381 2286 gressuS‚
404 2245 439 2276 in
467 2245 578 2287 fugam
607 2247 727 2287 vertit,
753 2252 938 2290 castraque

234 2294 396 2336 diripuit:
429 2296 554 2328 iterum
583 2297 627 2328 ad
653 2298 870 2339 Pelasgicum
894 2299 937 2331 si-

233 2355 313 2378 num
326 2346 361 2378 in
372 2347 545 2380 Thessalia
558 2354 701 2390 propter
715 2350 936 2392 Cynocepha-

233 2397 296 2438 las,
325 2397 385 2430 ubi
422 2399 529 2441 copiis
559 2400 715 2431 omnibus
748 2405 935 2443 pugnatum

231 2452 304 2480 est:
330 2449 501 2492 utrimque
526 2459 633 2482 cornu
656 2450 814 2482 dextrum
840 2452 936 2493 vicit,

231 2498 405 2532 sinistrum
433 2509 513 2533 vero
538 2501 665 2533 victum
683 2506 745 2534 est.
790 2501 840 2534 At
854 2502 935 2535 dum

230 2549 412 2592 Philippus
439 2550 612 2593 fugientes
640 2552 857 2594 persequitur
883 2554 934 2585 in-

230 2606 363 2643 cautus,
391 2603 563 2635 Tribunus
592 2602 738 2635 militum
775 2613 851 2635 cnm
886 2605 933 2635 vi-

230 2650 317 2691 ginti
332 2652 435 2693 signis
451 2654 486 2684 in
510 2658 608 2695 terga
624 2654 793 2685 victorum
809 2655 931 2687 saevire

229 2709 308 2732 cum
337 2702 403 2733 suis
428 2702 572 2735 infestus
599 2703 729 2745 coepit;
753 2704 931 2746 Philippo-

231 2759 296 2792 que
312 2750 440 2792 eripuit
462 2753 651 2785 victoriam.
698 2755 797 2787 Caesa
812 2755 930 2787 dicun-

1038 2196 1053 2219 ὴ
1074 2198 1129 2231 Ad
1153 2197 1338 2230 Isthmicum
1362 2195 1585 2239 spectaculum]
1609 2196 1700 2229 Isth-

994 2259 1068 2281 mus
1084 2253 1165 2281 sunt
1180 2254 1333 2291 angustae
1356 2253 1460 2281 terrae
1475 2248 1593 2281 fauces
1608 2247 1701 2281 inter

993 2299 1062 2332 duo
1077 2300 1194 2332 maria.
1240 2300 1341 2334 Quod
1365 2300 1414 2332 sic
1430 2299 1599 2341 expressit
1616 2298 1699 2342 Ovi5

992 2350 1091 2384 dius:
1118 2352 1128 2369 ‘
1144 2351 1295 2393 AEquora
1315 2350 1397 2383 bina
1412 2350 1482 2382 suis
1496 2354 1698 2392 oppugnant

990 2401 1152 2435 fluctibus
1184 2403 1353 2443 Isthmon,
1378 2403 1424 2434 Et
1454 2402 1566 2434 tenuis
1596 2401 1697 2434 tellus

990 2454 1087 2486 audit
1101 2454 1273 2496 utrimque
1288 2453 1405 2487 mare!
1449 2452 1618 2495 Loquitur
1640 2452 1696 2484 hic

989 2504 1147 2536 Valerius
1163 2504 1206 2536 de
1230 2504 1364 2536 Isthmo
1381 2504 1615 2544 Corinthiaco,
1636 2502 1696 2535 ubi

987 2551 1058 2587 ludi
1084 2555 1243 2587 solennes
1267 2565 1287 2587 a
1302 2555 1439 2587 Theseo
1465 2553 1634 2597 quondam
1659 2553 1695 2584 in

987 2605 1144 2646 Neptuni
1171 2606 1334 2637 honorem
1373 2605 1523 2637 instituti
1561 2604 1694 2645 ingenti

986 2657 1094 2688 totius
1121 2656 1272 2688 Graeciae
1290 2665 1459 2687 concursu
1474 2655 1592 2697 quinto
1607 2664 1691 2696 quo-

986 2717 1052 2750 qne
1079 2718 1168 2740 anno
1189 2707 1357 2739 celebrari
1378 2706 1546 2739 solebant.
1593 2705 1690 2738 Idem

986 2758 1088 2798 plane
1104 2758 1147 2790 de
1164 2757 1354 2790 Flaminino
1372 2756 1479 2789 refert
1498 2757 1591 2789 Plut.
