1878 3132
250 194 337 239 626
646 204 857 237 VALERn
891 204 1088 238 luxum
1122 205 1218 237 mn.
1251 207 1317 237 vi.

253 303 427 346 duabus
447 300 649 345 victoriis
668 300 1026 357 respondentem,
1046 301 1315 357 dignamque
1346 301 1419 345 cui
1438 302 1587 355 tertia,
1607 302 1725 346 sicut

249 372 409 423 evenit,
428 372 702 414 tribueretur.

307 441 350 482 4.
381 438 529 495 Atque
566 440 716 482 haec³0
763 438 942 494 quidem
978 439 1113 481 animi
1149 438 1390 493 magnifici,
1439 444 1483 482 et
1520 439 1725 494 prosperi

251 513 419 553 status:
466 508 546 550 illa
565 521 684 559 vero,
718 521 808 563 qua
841 508 980 561 legati
1013 507 1460 550 Lacedaemoniorum
1494 507 1615 563 apud
1644 520 1727 562 pa·-

251 583 363 620 trem
384 578 513 634 ejus¹
541 577 749 619 miseram
780 576 1057 619 fortitudinis
1074 582 1106 607 ³¹
1139 589 1235 619 suae
1268 576 1569 618 conditionem
1591 579 1726 619 testa-

250 647 284 690 ti
310 649 432 698 sunt,
460 646 747 700 glor10sior,²3
770 659 904 700 quam
920 646 1176 700 optabilior.
1215 644 1587 688 Intolerabilibus
1605 644 1726 687 enim

249 715 457 757 oneribus
478 713 707 757 civitatem
728 726 882 755 eorum
909 713 1175 770 implicanti,
1223 715 1235 735 ‘
1252 712 1291 754 si
1317 712 1426 767 quid
1454 717 1598 756 morte
1626 725 1726 767 gra*

249 784 352 829 vius
381 783 598 839 imperare
645 786 968 837 perseveraret,
1016 784 1201 824 mortem
1232 794 1280 823 se
1321 779 1616 835 praelaturos:
1654 793 1724 822 re-

249 852 555 908 sponderunt-.*

307 922 351 962 5.
381 919 484 962 Nec
504 932 658 976 parum
693 932 827 974 grave
859 918 1074 974 Spartani
1096 917 1332 974 cujusdam
1354 917 1554 969 dictum;
1584 915 1725 971 siqui-

250 990 353 1032 dem
372 988 609 1031 nobilitate
630 992 673 1030 et
701 987 939 1030 sanctitate
969 990 1204 1042 praestans,
1236 990 1282 1029 et
1313 987 1360 1028 in
1393 985 1610 1041 petitione
1628 996 1724 1026 ma-

250 1059 461 1112 gistratus
491 1057 654 1108 victus,
685 1057 924 1099 ‘maximae
962 1056 1050 1098 sibi
1085 1055 1260 1099 laetitiae
1295 1053 1418 1097 esse’
1446 1051 1724 1109 praedicavit,

250 1129 264 1148 ‘
278 1126 399 1182 quod
420 1126 598 1181 aliquos
612 1130 642 1156 ³³
676 1125 826 1180 patria
845 1137 931 1167 sua
951 1136 1001 1166 se
1018 1124 1222 1166 meliores
1239 1123 1360 1167 viros
1377 1122 1584 1166 haberet:
1615 1119 1731 1173 Quo'

251 1207 452 1238 sermone
471 1195 695 1251 repulsam
714 1193 874 1237 honori
894 1193 1165 1249 adaequavit.

866 1322 1105 1336 “emnem-o*

249 1411 524 1444 comitiana—30
546 1410 595 1443 At
609 1413 641 1443 et
657 1411 724 1443 hoeo
739 1410 866 1452 Copes.
911 1409 1052 1443 Deinde
1068 1409 1201 1451 aliquot
1218 1407 1318 1440 codd.
1332 1407 1481 1440 Torren.
1505 1415 1582 1438 cum
1598 1405 1677 1438 Vet-
1691 1408 1725 1441 et

249 1455 449 1488 animi.-—3l
472 1454 530 1486 Ita
544 1464 588 1486 ex
603 1455 730 1496 Copes.
745 1463 869 1486 novem
884 1454 959 1485 aliis
977 1453 1080 1486 codd.
1096 1458 1133 1485 et
1151 1453 1249 1493 Mog.
1264 1451 1376 1484 edidit
1389 1451 1531 1483 Torren.
1543 1458 1608 1482 nee
1621 1448 1725 1480 aliter

250 1499 332 1531 Vet.
377 1498 491 1539 Vulgo
506 1497 688 1540 legebatur
700 1497 946 1537 sortitum—32
970 1496 1027 1528 Sic
1044 1506 1088 1528 ex
1113 1495 1296 1528 duodecim
1321 1493 1425 1526 codd.
1442 1497 1479 1525 et
1494 1491 1575 1525 edd.
1598 1491 1724 1533 Pighio

251 1541 503 1587 antiquioribus
525 1541 703 1574 revocavit
718 1541 921 1580 Torrenius,
943 1539 1034 1583 quod
1058 1539 1163 1572 etiam
1190 1538 1226 1570 in
1242 1539 1323 1571 Vet.
1350 1537 1536 1569 invenitur.
1580 1534 1724 1576 Pighius

251 1586 381 1628 aliique
397 1584 581 1616 ediderunt
594 1584 875 1625 generosior.—33
899 1583 956 1616 Sic
984 1583 1127 1624 Pighius
1150 1592 1195 1615 ex
1219 1581 1425 1615 auctoritate
1451 1579 1553 1612 codd.
1578 1583 1616 1611 et
1641 1577 1724 1610 edd.

251 1634 340 1662 vett.
363 1628 483 1670 aliquot
498 1627 604 1661 Aldd.
621 1628 735 1661 Colin.
748 1628 883 1670 Gryph.
897 1631 934 1659 et
947 1626 1069 1669 Steph.

914 1734 1060 1768 NOTAE

294 1827 311 1845 ¹
333 1822 430 1865 Apud
448 1825 572 1864 patrem
597 1820 678 1862 ejus]
708 1818 963 1853 Lacedaemonii
1018 1824 1106 1853 sent.

253 1875 344 1908 enim
360 1877 397 1906 et
413 1883 433 1905 a
448 1873 626 1915 Philippo,
639 1877 675 1905 et
686 1872 728 1904 ab
740 1871 814 1904 aliis
826 1870 963 1903 Graecis
1059 1869 1079 1888 '⁵
1102 1868 1169 1901 An.
1186 1868 1238 1901 M.
1254 1870 1353 1901 3701.
1395 1866 1454 1900 01.
1469 1869 1545 1900 106.
1557 1868 1589 1900 4.
1634 1864 1723 1898 Urb.

252 1925 375 1970 grandi
390 1925 516 1957 mulcta
532 1924 646 1967 puniti
662 1928 755 1965 sunt,
768 1922 859 1965 quod
872 1921 962 1953 Pho·
1017 1922 1057 1955 C.
1071 1923 1148 1954 400.
1184 1919 1268 1953 Ant.
1284 1919 1349 1952 ch.
1365 1920 1442 1952 352.

254 1977 415 2012 censibus
429 1977 463 2010 in
478 1976 571 2010 bello
595 1985 692 2009 sacro
707 1974 834 2008 auxilio
849 1972 961 2005 venis-
