1878 3132
352 197 460 230 CAP.
481 197 554 231 xl.
587 198 651 230 DE
684 198 989 233 EFFEOTIBUS
1022 198 1221 231 AR'rltJM
1256 199 1427 234 RARIS.
1541 190 1628 236 787

763 389 904 433 CAP.
936 389 1032 433 XI.

355 515 442 558 DE
471 514 866 560 EFFECTIBUS
898 515 1157 561 ARTIUM
1191 515 1422 559 RARIS.¹

284 635 387 660 APUD
408 636 598 670 nummos,
611 637 657 662 m·
671 637 713 662 m
941 631 962 661 2
985 628 1130 680 Pictura
1161 628 1295 672 Apellis
1320 633 1356 662 et
1376 628 1530 662 plastice
1563 630 1632 671 Ly-

178 693 197 723 1
223 688 421 732 Astrologia
431 689 471 723 e.
487 690 633 732 Sulpicii
648 690 757 724 Gaui.
1006 671 1108 714 ⁸1⁹¹„-

173 735 196 766 2
218 733 457 776 Haruspicina
470 733 644 776 Spuriuae.
939 718 961 791 Ξ
983 715 1369 792 ἕὲὲξῖἓοιᾷὲξῗῖἓῧξῗε·

624 835 671 860 υτ
693 836 734 860 m
939 803 1440 888 inminuisset..

175 885 194 915 l
218 882 418 927 Astrologia
432 884 595 919 Periclis.
682 908 686 912 -
939 891 960 921 7
985 890 1083 932 Equo
1096 890 1252 923 Nealcis.

194 985 457 1032 Ernssc'rus
488 988 625 1031 etiam
661 990 820 1034 artium
854 991 1070 1046 recogniti
1102 977 1293 1047 possunt
1330 991 1538 1047 aliquid²
1558 990 1624 1033 af-

149 1055 264 1099 ferre
283 1056 554 1112 voluptatis:
586 1058 884 1115 protinusque
915 1064 964 1102 et
984 1073 1120 1115 quam
1154 1061 1324 1103 utiliter
1352 1060 1627 1114 excogitatae

150 1125 275 1176 sint,³
306 1126 495 1180 patebit,
516 1130 563 1170 et
582 1132 835 1171 memoratu
856 1128 1002 1184 dignae
1030 1142 1105 1172 res
1125 1129 1283 1172 lucido
1302 1129 1350 1172 in
1369 1130 1474 1172 loco
1497 1141 1630 1184 repo·

151 1197 327 1245 nentur,
349 1198 394 1237 et
411 1195 538 1238 labor
556 1196 602 1238 in
622 1197 681 1239 iis
700 1196 882 1240 edendis
902 1211 984 1240 suo
1004 1198 1155 1241 fructu
1172 1212 1259 1242 non
1281 1199 1470 1242 carebit.

208 1262 251 1303 1.
281 1261 473 1318 Sulpicii
490 1264 673 1307 Galli⁴⁸
702 1267 952 1310 maximum
982 1267 1029 1309 in
1058 1268 1176 1310 omni
1211 1281 1373 1323 genere
1403 1268 1631 1309 literarum

150 1331 406 1386 recipiendo
450 1333 647 1377 studium
683 1335 927 1390 plurimum
962 1336 1220 1392 reipublicae
1257 1336 1443 1392 profuit.
1506 1335 1628 1379 Nam

152 1413 257 1443 cum
277 1400 330 1443 L.
353 1401 501 1455 Pauli,
522 1404 689 1447 bellum
711 1404 950 1448 adversum
970 1419 1116 1461 regem
1138 1406 1312 1448 Persen
1334 1405 1544 1460 gerentis,
1566 1405 1630 1447 le-

150 1474 284 1523 gatus
304 1475 441 1523 esset,
463 1484 518 1514 ac
540 1486 698 1516 serena
716 1479 849 1516 nocte
866 1475 1018 1518 subito
1037 1475 1147 1517 luna
1162 1475 1406 1517 defecisset
1420 1473 1450 1527 3¹³
1480 1487 1628 1529 eoque

151 1537 288 1580 veluti
316 1537 414 1582 diro
451 1541 650 1601 quodam
683 1548 883 1586 monstro
918 1545 1181 1600 perterritus
1208 1544 1433 1586 exercitus
1465 1546 1630 1593 noster,

149 1619 311 1650 manus
342 1620 443 1650 cum
474 1609 601 1652 hoste
631 1611 895 1654 conserendi
926 1611 1140 1654 fiduciam
1176 1612 1415 1662 amisisset,
1435 1611 1492 1653 de
1524 1611 1631 1653 coeli

148 1676 333 1728 ratione,
355 1681 402 1719 et
421 1677 616 1721 siderum
636 1683 799 1722 natura
821 1680 1095 1735 peritissime
1121 1679 1407 1737 disputando,
1430 1680 1628 1722 alacrem

148 1757 252 1787 eum
270 1746 317 1787 in
338 1745 482 1789 aciem
500 1747 635 1790 misit.
696 1748 860 1805 Itaque
878 1749 947 1791 illi
968 1749 1153 1805 inclytae
1176 1749 1407 1792 Paulianae
1428 1748 1628 1791 victoriae

147 1813 357 1858 liberales
379 1818 499 1858 artes
518 1815 640 1860 Galli
662 1817 831 1861 aditum
849 1818 1095 1862 dederunt:
1127 1819 1234 1875 quia
1254 1818 1344 1860 nisi
1366 1817 1441 1860 ille
1458 1821 1627 1860 metum

768 1917 806 1931 ‘0
811 1918 1010 1931 ON‘OO‘OOO

192 1972 209 2002 1
233 1969 399 2014 Plerique
424 1971 511 2004 Mas.
537 1973 640 2010 Quam
663 1974 773 2015 magni
796 1975 862 2007 sint
887 1974 1021 2017 effectus
1045 1974 1189 2012 artium3
1218 1978 1255 2006 et
1280 1972 1331 2005 sic
1356 1972 1506 2014 vulgatae
1533 1971 1628 2004 Edd.

147 2013 261 2046 Paris.
287 2018 401 2056 quart.
444 2015 498 2048 De
521 2017 742 2056 magnitudine
764 2017 897 2062 effectus
919 2018 1116 2050 artium—2
1151 2019 1161 2036 ‘
1176 2017 1303 2058 Copes.
1335 2015 1518 2056 recognosci
1538 2026 1628 2057 posse

147 2057 269 2099 aliquid
282 2068 294 2089 .-
326 2058 433 2090 Forte
463 2059 531 2100 leg.
554 2059 611 2099 Ef.
635 2064 678 2092 et.
701 2064 765 2093 art.
787 2062 978 2103 recognosci,
1003 2063 1104 2103 potest
1126 2061 1250 2102 aliquid
1281 2059 1398 2103 afferre
1428 2059 1625 2101 voluptatis!

147 2099 311 2134 Perizon.
353 2102 364 2119 ⁴
379 2101 482 2135 Quod
510 2106 566 2135 est
588 2103 623 2135 in
651 2103 859 2147 Copesiano,
883 2105 968 2137 illud
987 2104 1128 2137 invenio
1151 2104 1259 2136 etiam
1286 2104 1320 2135 iu
1347 2107 1428 2135 octo
1446 2103 1626 2136 aliisMss.

146 2148 184 2176 et
200 2144 297 2185 Meg.
322 2154 399 2220 Ἆπιν,
424 2144 568 2187 insuper
590 2146 698 2179 habet
722 2149 827 2187 adfert
852 2158 930 2181 cum
957 2148 1058 2181 Leid.
1085 2156 1155 2179 sec.
1172 2151 1209 2180 et
1233 2146 1360 2188 Ultraj.
1386 2155 1457 2178 sec.
1480 2146 1625 2178 Perizo-

146 2186 195 2219 nii
222 2197 322 2220 emen
351 2188 422 2220 atio
449 2189 560 2230 magis
587 2190 728 2231 placet!
754 2192 951 2225 Turrem—3
973 2192 983 2209 ‘
998 2191 1203 2231 Excogitatoe
1223 2190 1291 2223 sint
1312 2189 1522 2232 legendum3
1545 2199 1625 2230 non,

148 2235 188 2262 ut
205 2230 329 2271 Aldus,
344 2231 501 2273 Pighius,
515 2238 551 2264 et
567 2233 626 2265 alii
642 2233 798 2272 edidere,
821 2244 930 2276 esi-cog.
946 2238 1031 2267 snmt.
1079 2234 1222 2267 Habent
1246 2235 1295 2267 ita
1317 2233 1445 2266 Brund.
1469 2237 1507 2265 et
1532 2234 1625 2274 leges

146 2273 394 2307 Grammaticae
425 2275 460 2307 id
495 2277 696 2318 requirunt.'
735 2278 840 2311 Vorse.
886 2278 986 2310 ‘Sint
1014 2277 1155 2310 firmant
1187 2277 1272 2310 Mss.
1300 2277 1422 2318 nostri,
1445 2276 1506 2308 sed
1541 2285 1624 2316 quo-

146 2326 220 2349 rum
236 2317 399 2350 undecim
422 2318 563 2359 habent,
589 2319 754 2362 patebunt,
781 2331 858 2354 cum
886 2321 976 2354 Edd.
999 2331 1110 2364 usque
1132 2320 1176 2353 ad
1193 2320 1352 2362 Pigliium
1377 2324 1508 2362 praeter
1531 2319 1627 2358 Mog,

147 2370 225 2403 quae
250 2370 329 2394 cum
356 2361 482 2404 Ultraj.
517 2372 588 2396 sec.
613 2364 736 2405 patebit
771 2364 924 2403 exhibet,
958 2369 998 2398 ut
1029 2369 1066 2398 et
1095 2363 1307 2398 Ascensius.’
1347 2364 1540 2396 Turrem—4
1566 2362 1626 2394 Ul-

816 2453 960 2487 NOTAE

189 2530 205 2547 ⁸
225 2525 360 2568 Sulpicii
386 2527 491 2570 Galli]
514 2527 583 2562 Qui
606 2525 735 2562 Consul
757 2529 860 2573 Ligu-
913 2530 1004 2564 illius
1020 2531 1145 2572 causis,
1158 2540 1178 2563 a
1195 2530 1296 2563 Gallo
1311 2528 1516 2571 praedictum
1531 2526 1628 2560 refe-

147 2587 203 2609 res
218 2577 362 2612 domuit.
405 2579 460 2611 De
476 2579 536 2612 illo
552 2590 670 2622 supra.
913 2586 1006 2614 runt.
1052 2581 1260 2614 Plutarchus
1282 2589 1364 2612 vero
1386 2579 1531 2621 Sulpicii
1554 2588 1625 2612 non

189 2626 204 2648 ὓ
225 2627 317 2661 Luna
337 2630 516 2673 defecisset]
542 2631 738 2665 Assentitur
757 2632 858 2666 Vale·
912 2633 1079 2670 meminit,
1103 2632 1162 2664 sed
1186 2635 1306 2664 narrat
1322 2634 1457 2663 tantum
1476 2630 1623 2662 Paulum

149 2678 201 2710 rio
221 2678 479 2722 Quintilianus;
502 2687 539 2715 at
562 2683 678 2716 Livius
701 2688 739 2716 et
753 2684 857 2716 Fron·
910 2683 1086 2716 AEmilium
1109 2682 1320 2724 Astrologiae
1347 2681 1496 2723 peritum
1518 2679 1627 2712 unde-

148 2730 239 2762 ssnus
256 2731 362 2764 Lunae
375 2731 553 2767 defectum
570 2734 747 2778 aliquanto
762 2739 856 2777 ante,
911 2735 977 2767 cim
1002 2734 1174 2776 juvencas
1203 2733 1409 2766 immolasse.
1468 2731 1524 2765 De
1549 2731 1627 2771 Cae·

148 2790 191 2814 ne
210 2787 425 2815 terrerentur
444 2784 582 2822 milites,
610 2786 735 2819 additis
750 2786 855 2819 etiam
911 2795 987 2818 sare
1003 2790 1039 2818 et
1054 2785 1205 2828 Spurina
1217 2784 1276 2817 lib.
1295 2794 1320 2817 1.
1337 2793 1367 2817 c.
1383 2786 1414 2816 6.
1430 2792 1463 2815 n.
1479 2785 1531 2818 13.
