1878 3132
499 190 608 223 cAP.
632 190 698 221 vi.
731 189 799 222 nn
830 187 1009 221 amoni:
1041 186 1342 220 commum.
1589 176 1675 220 471

203 301 280 334 sus
306 301 373 340 es,
406 299 560 343 eaque,
589 299 645 330 ne
675 288 723 330 tu
753 282 1089 339 extinguereris,
1121 282 1375 327 voluntario
1409 283 1535 327 obitu
1573 297 1677 328 con-

202 363 370 410 sumta,
396 357 543 402 lucem
569 355 731 400 intueri
762 354 970 411 potuisti.
1030 352 1092 398 Et
1127 356 1248 397 certe
1281 353 1409 408 prius
1441 360 1674 408 parentum

201 426 524 482 indulgentiam
572 428 850 476 tentaveras,
903 422 1114 467 foemineo
1150 422 1302 466 animo
1341 422 1489 478 impar
1524 424 1679 468 inven-

204 502 310 543 tus-⁶
322 501 338 529 ⁷
355 504 375 524 ⁴

259 566 304 610 2.
334 563 487 609 Vilior
507 563 714 609 Graccho
733 562 901 618 iniquae
921 560 1114 605 fortunae
1138 560 1339 612 victima,
1369 560 1576 616 quamvis
1610 574 1679 605 se-

205 635 371 681 natorii
392 634 458 678 vir
476 632 646 679 ordinis
668 631 722 675 C.
744 629 983 677 Plautius⁸
1017 628 1221 672 Numida
1238 643 1250 682 ;
1265 629 1282 653 ¹¹
1297 629 1314 654 ‘¹
1346 627 1426 671 sed
1452 629 1498 672 in
1529 631 1680 675 consi-

203 704 300 749 mili
320 715 470 746 amore
490 715 574 758 par
594 700 867 755 exemplum.
928 698 1076 741 Morte
1097 698 1212 742 enim
1234 698 1387 740 uxoris
1409 698 1579 750 audita,
1600 697 1681 742 do-

203 774 314 821 loris
334 773 576 828 impotens,
611 774 770 826 pectus
797 782 927 812 suum
949 767 1098 823 gladio
1122 767 1360 823 percussit.
1422 767 1682 812 Interventu

204 842 398 889 deinde⁹
426 841 770 885 domesticorum
799 839 1028 893 inceptum
1063 836 1229 893 exequi
1268 836 1532 892 prohibitus,
1552 837 1684 881 colli-

205 917 441 967 gatusque‚
463 914 514 952 ut
532 909 724 965 primum
757 907 942 949 occasio
974 905 1082 949 data
1114 911 1197 958 est,
1235 906 1392 948 scissis
1423 906 1600 959 fasciis,
1637 915 1685 955 et

203 981 383 1027 vulnere
402 978 596 1031 divulso,
626 975 852 1020 constanti
872 974 1069 1027 dextera,
1103 975 1312 1030 spiritum
1337 975 1483 1018 luctus
1510 976 1683 1019 acerbi-

205 1053 296 1097 tate
316 1048 588 1108 permixtum
623 1059 683 1093 ex
712 1045 827 1100 ipsis
846 1043 1112 1100 praecordiis
1134 1048 1181 1086 et
1199 1045 1451 1088 visceribus
1480 1044 1632 1089 hausit
1645 1056 1656 1086 :
1670 1052 1685 1071 ³

206 1124 302 1167 tam
321 1120 523 1165 violenta
540 1120 681 1160 morte
696 1117 905 1166 testatus,
919 1118 1134 1170 quantum
1154 1113 1374 1156 maritalis
1389 1113 1583 1158 flammae
1602 1114 1680 1158 illo

205 1193 391 1248 pectore
410 1188 612 1232 clausum
630 1184 877 1230 habuisset.

215 1292 223 1296 <
265 1260 311 1304 3.
341 1257 556 1314 Ejusdem
577 1259 626 1300 ut
644 1253 855 1305 nominis,
885 1253 949 1297 ita
964 1251 1130 1297 amoris
1151 1263 1330 1308 quoque
1351 1250 1418 1295 M.
1440 1250 1682 1297 Plautius⁸

210 1328 334 1375 Nam
369 1340 472 1372 cum
506 1325 698 1381 imperio
728 1326 914 1368 senatus
955 1321 1150 1365 classem
1186 1321 1412 1364 sociorum
1446 1321 1684 1376 sexaginta

209 1399 394 1443 navium
407 1402 442 1425 ¹0
470 1396 517 1440 in
538 1394 698 1439 Asiam
716 1392 961 1443 reduceret,
972 1391 1308 1446 Tarentumque
1324 1389 1594 1445 appulisset,
1615 1395 1684 1433 at-

210 1477 299 1523 que
318 1467 384 1511 ibi
404 1478 519 1510 uxor
537 1465 639 1520 ejus
658 1462 888 1514 Orestilla,
909 1474 1012 1517 quae
1041 1460 1151 1504 illuc
1185 1473 1288 1503 eum
1321 1464 1565 1515 prosecuta
1592 1458 1687 1503 fue-

210 1540 296 1589 rat,
316 1535 472 1577 morbo
489 1545 652 1590 pressa
672 1531 959 1583 decessisset,
989 1529 1193 1572 funerata
1213 1541 1284 1581 ea,
1306 1533 1441 1583 atque
1459 1529 1507 1570 in
1525 1541 1685 1583 rogum

259 1698 273 1714 ι·
294 1693 340 1724 Et
355 1694 439 1724 certe
452 1694 488 1723 tu
502 1701 572 1723 cum
588 1699 668 1723 esses
682 1689 787 1722 animo
801 1687 1011 1729 imbecilliori,
1034 1697 1126 1729 quam
1141 1696 1224 1719 uxor
1238 1689 1307 1727 tua,
1325 1686 1418 1728 prius
1438 1687 1578 1728 petiere-5
1591 1697 1612 1720 α
1631 1696 1688 1729 pa.

212 1736 369 1777 rentibus,
389 1746 463 1767 num
476 1745 535 1777 pro
549 1738 580 1767 le
594 1735 675 1766 mori
689 1734 812 1765 vellent.
1607 1731 1609 1733 ’

257 1778 276 1801 ‘¹
299 1780 338 1812 C.
354 1779 512 1819 Plautius,
527 1778 666 1820 quamvis
681 1778 830 1817 Senator,
845 1774 916 1815 fuit
931 1774 1024 1807 vilior
1040 1774 1183 1807 Graccho
1197 1773 1336 1814 victima,
1350 1783 1443 1814 quam
1456 1775 1592 1806 adversa
1610 1773 1684 1814 for-

212 1825 292 1859 tum
303 1823 345 1855 ad
359 1826 490 1856 mortem
503 1821 642 1864 impulit.

257 1870 271 1887 θ
293 1866 349 1900 Ex
372 1866 447 1899 imis
470 1865 641 1900 uiuet-ihus
664 1862 822 1899 constanti
848 1871 943 1896 manu
967 1862 1000 1895 vi
1024 1861 1171 1896 extraxit
1199 1859 1341 1894 animum
1369 1860 1478 1894 acerbo
1503 1861 1611 1894 dolore
1634 1871 1688 1905 op·

209 1918 367 1952 premnt.

834 1979 1071 1996 mmm

207 2075 317 2115 sacti,·
338 2075 420 2108 Vet.
435 2075 508 2109 duri
520 2074 591 2116 fati
602 2085 614 2114 ‚-
640 2073 743 2107 Aldd.
761 2072 908 2107 Ascenu.
923 2075 990 2106 &m
1004 2072 1070 2105 diri
1082 2071 1227 2112 sati—'l
1251 2070 1294 2104 Iu
1320 2074 1400 2103 octo
1427 2069 1530 2103 codd.
1556 2073 1593 2102 et
1607 2069 1689 2104 Vet.

217 2123 255 2152 et
276 2119 372 2160 Mog.
399 2119 537 2160 desunt,
552 2118 701 2158 soemineo
725 2118 831 2151 animo
855 2118 960 2159 impar
982 2117 1136 2149 inventus.
1182 2115 1262 2148 vet.
1287 2114 1392 2147 etiam
1421 2124 1484 2156 pro
1509 2117 1692 2147 tentaveras

216 2161 323 2195 habet
335 2165 640 2204 temperaveras.—8
664 2162 760 2195 Leid.
776 2165 808 2194 6.
830 2162 894 2193 Gn.
911 2160 1061 2193 Plautius
1072 2171 1085 2200 ,-
1106 2159 1235 2201 Ultraj.
1250 2161 1283 2191 2.
1310 2159 1351 2195 Q.
1368 2158 1516 2190 Plautius
1524 2169 1536 2196 ,-
1560 2157 1690 2199 Copes.

220 2204 259 2238 C.
275 2205 506 2238 Plancium—9
526 2205 650 2247 Ultraj.
680 2209 710 2238 1.
733 2205 829 2238 delet
852 2204 974 2237 deinde.
1019 2204 1144 2246 Copes.
1167 2213 1237 2234 cum
1258 2202 1400 2244 primum
1426 2201 1569 2239 οοοαείος
1590 2201 1692 2234 multi

219 2248 323 2281 codd.
348 2250 560 2291 permixtum5
583 2249 708 2291 Ultraj.
731 2252 763 2281 2.
786 2249 940 2281 mistum.-
963 2248 1046 2280 vet.
1072 2246 1244 2280 visceribus
1270 2246 1427 2278 exhausit.
1471 2245 1582 2277 Paulo
1611 2249 1691 2286 post

219 2292 318 2324 Leid.
333 2295 366 2325 6.
381 2293 414 2324 in
430 2293 483 2324 illo
495 2295 717 2334 pectora—10
741 2293 866 2333 copes.
890 2292 1103 2334 quadraginta
1123 2289 1270 2326 novium3
1293 2294 1331 2322 et
1356 2289 1458 2330 paulo
1484 2292 1564 2330 post
1584 2288 1690 2320 nior-bo

218 2345 377 2378 oppressa,
401 2341 438 2369 et
453 2340 482 2368 et
497 2346 572 2377 rogo
583 2337 688 2378 posita
697 2346 709 2374 ,-
731 2336 830 2368 Harl.
846 2340 885 2368 et
900 2334 999 2368 Leid.
1013 2337 1046 2368 6.
1060 2334 1094 2366 in
1109 2343 1184 2375 rogo
1196 2333 1302 2376 posita
1308 2343 1320 2371 ‚·
1345 2333 1444 2365 Leid.
1459 2335 1492 2366 1.
1517 2332 1552 2364 in
1574 2341 1690 2372 rogum

886 2448 1028 2482 NOTAE

228 2511 230 2513 Ι
264 2538 284 2558 ’
308 2537 377 2571 An.
392 2538 444 2571 M.
460 2540 558 2570 8882.
597 2537 655 2570 Ol.
678 2539 752 2570 1⁶2.
768 2539 801 2569 1.
838 2536 925 2571 Urb.
982 2537 1074 2579 vani,
1088 2534 1266 2575 Numidae,
1281 2538 1318 2567 et
1334 2531 1509 2566 Laterani.

222 2589 265 2622 O.
279 2593 355 2625 581.
396 2589 478 2622 Ant.
496 2589 558 2622 Ch.
575 2592 650 2622 1⁷1.
971 2592 973 2594 ’
1025 2592 1039 2609 ⁰
1062 2588 1112 2620 M.
1130 2585 1290 2626 Plautius]
1314 2585 1499 2626 Hypsaeus,
1523 2581 1582 2614 ille
1600 2581 1689 2624 ipse,
1708 2587 1721 2600 ·

264 2639 282 2663 ⁴¹
307 2641 345 2672 C.
362 2640 509 2675 Plautius
526 2639 681 2682 Numida]
696 2639 842 2673 Plebein
856 2639 928 2683 qui-
980 2638 1016 2672 ni
1031 2637 1147 2680 fallor,
1170 2638 1227 2680 qui
1244 2636 1371 2669 Consul
1387 2644 1474 2668 anno
1491 2634 1597 2667 Urbis
1612 2637 1690 2668 628.

223 2692 316 2732 dem,
337 2696 374 2724 at
397 2693 520 2725 nobilis
538 2693 749 2726 Plautiorum
772 2702 870 2735 genu,
892 2693 927 2726 in
982 2691 1150 2726 Orestilla
1178 2698 1260 2722 vero
1287 2686 1358 2720 filia
1386 2684 1455 2718 fuit
1488 2686 1528 2720 L.
1556 2684 1691 2719 Aurelii

224 2743 349 2774 multas
365 2742 472 2775 divisa
488 2742 651 2783 familias;
675 2753 818 2786 quorum
841 2753 929 2786 pra·
983 2743 1136 2782 Oresta,
1151 2740 1208 2783 qui
1224 2748 1313 2772 anno
1323 2738 1477 2782 proximo
1489 2741 1572 2771 unte
1587 2738 1690 2772 Plau-

226 2794 337 2836 cipuae
351 2792 505 2836 fuerunt,
520 2794 672 2837 Proculi,
683 2794 844 2838 Hypsaei,
854 2795 929 2837 Syl·
984 2793 1069 2828 tium
1083 2791 1211 2826 consul
1225 2789 1351 2824 fuerat.
1691 2797 1693 2800 ’
