1878 3132
291 171 377 215 870
686 182 901 217 vAnssnn
936 184 1129 216 MAximi
1167 185 1262 218 mn.
1294 186 1369 217 ix.

293 274 529 332 Beronice,
551 293 654 336 quae
689 281 942 325 Laodicese
982 282 1162 325 insidiis
1187 283 1486 339 interceptum
1519 283 1607 327 sibi
1623 282 1764 328 filium

293 350 484 404 graviter
518 349 678 402 serens,
709 357 882 395 armata
921 366 1096 395 currum
1132 353 1407 404 conscendit,
1441 357 1766 408 persecutaque

294 418 537 461 satellitem
556 420 723 474 regium
755 421 956 464 crudelis
981 422 1134 477 operis
1166 422 1432 473 ministrum,
1465 422 1645 464 nomine
1666 420 1766 464 Cae-'-

293 499 443 539 neum‚
465 502 598 544 quem
614 494 648 514 ¹0
668 489 802 532 hasta
822 491 1116 545 nequicquam
1137 490 1346 546 petierat,
1369 504 1484 533 saxo
1505 491 1646 533 ictum
1663 502 1767 545 pro-

295 557 479 611 stravit3
510 571 564 600 ac
584 571 716 613 super
736 558 833 613 ejus
854 571 1020 614 corpus
1041 559 1159 601 actis
1180 559 1324 614 equis,
1348 559 1459 601 inter
1477 559 1645 603 infesta.
1659 569 1768 613 cou-

294 626 445 669 trariae
482 627 621 682 partis
657 627 837 680 agmina
873 626 931 669 ad
964 627 1161 679 domum,
1196 628 1244 669 in
1267 641 1359 683 qua
1386 627 1604 671 interfecti
1638 626 1769 683 pueri

296 705 459 749 corpus
479 695 696 738 occultari
716 695 1022 749 arbitrabatur,
1042 697 1269 752 perrexit.†
1749 727 1755 735 .<

290 793 294 798 -
354 763 398 806 2.
429 763 645 807 Jasonem
675 763 983 818 Thessalumf.
1003 766 1242 809 Persarum
1280 766 1373 822 regi
1407 766 1576 809 bellum
1608 764 1768 808 inferre

296 838 543 887 parantem,
567 847 625 876 an
651 835 762 877 satis
790 834 922 890 justa
951 835 1062 878 ultio
1084 836 1367 886 absumserit,
1404 835 1628 889 ambiguae
1648 833 1770 877 'aesti-

295 902 504 944 mationis
523 908 612 945 est.·
665 904 850 948 Taxillo
863 910 894 930 ¹¹
933 905 1050 948 enim
1071 905 1425 960 gymnasiarchae
1446 917 1475 946 a
1495 901 1769 958 quibusdam

291 969 533 1025 juvenibus
554 973 783 1028 pulsatum
810 987 859 1017 se
882 981 1140 1030 conquesto,
1161 974 1374 1030 permisit,
1398 977 1448 1015 ut
1477 975 1556 1014 aut
1575 971 1769 1014 tricenas

298 1039 356 1081 ab
378 1039 448 1082 his
470 1041 705 1085 drachmas
727 1044 934 1099 exigeret,
956 1049 1034 1087 aut
1065 1044 1205 1086 denas
1225 1044 1382 1099 plagas
1419 1039 1607 1096 singulis
1625 1040 1772 1095 impo-

296 1112 432 1151 neret.
493 1109 598 1161 Quo
621 1113 870 1166 posteriore
890 1112 1093 1155 vindicta
1113 1124 1212 1163 uSO,
1235 1111 1312 1166 qui
1332 1110 1672 1164 vapulaverant,
1691 1106 1722 1150 J
1724 1120 1770 1150 a-

299 1189 454 1219 sonem
468 1178 801 1231 interfecerunt,
823 1181 975 1232 animi,
995 1194 1086 1223 non
1106 1181 1310 1236 corporis
1331 1179 1491 1221 dolore.
1507 1190 1656 1234 poenae
1676 1189 1771 1219 mo-

299 1244 405 1287 dum
454 1247 743 1291 aestimantes.
824 1248 1033 1292 Ceterum
1083 1262 1222 1305 parvo
1270 1248 1542 1290 irritamento
1590 1244 1772 1301 ingenui

301 1314 489 1370 pudoris
511 1316 721 1360 maximae
741 1318 806 1359 rei
826 1317 1080 1373 expectatio
1097 1318 1286 1360 subruta
1307 1321 1402 1360 est:
1439 1315 1652 1372 quoniam
1671 1313 1771 1370 opi-

915 1430 1157 1443 meo-eom

301 1489 421 1524 delent
440 1502 627 1533 pronomen
641 1494 716 1533 sui3
739 1494 836 1528 Leid.
854 1499 886 1528 5.
911 1495 1134 1538 interemptum
1156 1494 1219 1527 eibi
1234 1495 1445 1538 filium—10
1467 1495 1525 1528 Ita
1546 1497 1618 1527 vet.
1644 1492 1774 1535 Pigffii,

301 1535 427 1576 Copes.
445 1536 573 1578 Ultraj.
589 1541 619 1570 2.
635 1537 766 1580 aliquot
791 1548 832 1570 ex
858 1539 1029 1571 Gudianis
1057 1544 1093 1572 et
1117 1539 1215 1581 Mog.
1241 1539 1395 1571 nonnulli
1418 1538 1546 1571 etiam:
1569 1547 1659 1580 quem
1682 1537 1775 1569 hasta

301 1587 492 1621 nequaquam
517 1583 739 1622 poterat.—-ll
771 1582 913 1624 Taxippo
942 1583 1032 1615 Dan.
1061 1583 1228 1625 Plerique
1257 1582 1361 1615 codd.
1388 1587 1424 1615 et
1453 1581 1532 1616 edd.
1561 1586 1642 1615 ante
1671 1579 1773 1622 Pigh-

967 1683 1114 1717 NOTAE

300 1751 346 1785 ris
358 1752 446 1785 filius
471 1763 507 1785 se
523 1762 600 1786 cum
621 1753 689 1786 suis
702 1755 779 1787 vino
798 1754 1009 1797 ingurgitat:

299 1807 375 1837 tum
395 1804 511 1837 media
532 1810 637 1838 nocte
667 1806 915 1848 superveniens
942 1807 1010 1849 Cy-

301 1865 460 1897 rus,eum
489 1867 566 1888 cum
583 1858 738 1890 exercitu
759 1858 876 1897 caedit.
922 1858 1010 1891 Haec

302 1908 440 1951 quidem
454 1908 635 1949 Justinus3
661 1913 697 1941 at
713 1908 916 1942 Herodotus
936 1911 1010 1942 vult

305 1964 447 2001 captum
488 1960 746 2002 Spargabisum‚
773 1961 921 2004 sibique,
954 1962 1014 1993 ubi

303 2010 479 2042 ebrietate
510 2011 644 2043 solutus
672 2017 739 2051 est,
762 2017 909 2045 mortem
937 2022 1016 2045 con-

305 2061 459 2095 scivisse.
519 2063 645 2095 Brevis
682 2068 797 2095 tamen
836 2068 873 2096 et
907 2063 1014 2096 fallax

301 2110 439 2144 fructus
455 2113 634 2146 victoriae:
660 2114 771 2156 Cyrus
795 2115 887 2147 enim
917 2115 950 2146 in
969 2115 1015 2147 lo-

303 2172 382 2195 cum
396 2163 549 2206 iniquum
566 2165 799 2208 progreditur,
809 2165 867 2198 ubi
881 2165 1016 2198 insidiis

302 2213 452 2246 hostium
479 2214 735 2247 circumventus
752 2226 830 2248 cum
856 2216 1013 2249 omnibus

305 2265 415 2308 copiis
428 2265 633 2298 conciditur.

349 2316 368 2335 '⁵
395 2316 463 2349 An.
491 2318 541 2349 M.
557 2319 655 2349 3523.
683 2315 740 2349 Ol.
752 2320 808 2350 62.
824 2321 855 2351 2.
871 2318 958 2351 Urb.
975 2319 1015 2352 C.

304 2370 381 2400 222.
398 2368 482 2401 Ant.
506 2368 656 2401 Ch.53o.

348 2424 363 2440 θ
388 2420 558 2460 Beronice,
588 2431 657 2462 quoe
682 2420 845 2462 Laodices,
866 2422 934 2463 δῖα]
960 2421 1015 2454 Ab

307 2470 464 2503 Oliverio
480 2471 546 2502 hac
562 2470 596 2502 in
614 2475 725 2512 parte,
741 2477 779 2503 ut
793 2472 827 2504 in
843 2473 918 2503 aliis
933 2473 1018 2504 mul-

308 2523 369 2563 tis,
399 2521 586 2554 dissentio:
625 2522 660 2554 id
700 2523 791 2555 enim
831 2524 1019 2564 Beronice,

306 2582 382 2614 quae
413 2572 630 2604 Mithridatis
652 2573 759 2605 Ponti
791 2574 895 2616 Regis
920 2584 1017 2606 soror

307 2628 396 2664 erat,
424 2623 568 2663 tribuit3
597 2634 659 2665 ego
684 2634 752 2655 non
777 2624 881 2657 item:
918 2625 1017 2657 valde

307 2675 399 2706 enim
413 2673 518 2706 falsus
541 2685 628 2714 sum,
657 2676 719 2708 uisi
736 2676 780 2708 de
797 2676 966 2710 Beronice
983 2682 1020 2709 et

309 2726 473 2765 Laodice,
497 2736 573 2768 quae
605 2731 642 2759 et
673 2737 823 2769 sorores,
851 2733 887 2760 et
905 2729 1019 2761 Ptole-

307 2776 386 2808 inaei
418 2776 635 2819 Philadelphi
664 2777 758 2821 filiae,
795 2783 831 2811 et
857 2778 1020 2813 Antiochi

1066 1755 1136 1788 Dei
1160 1764 1283 1788 uxores
1304 1753 1457 1796 fuerunt,
1471 1752 1619 1795 intelligi
1633 1751 1775 1786 debeat.

1067 1807 1241 1840 Laodicen
1268 1807 1342 1848 jam
1369 1805 1428 1838 diu
1451 1813 1595 1837 uxorem
1625 1803 1776 1836 duxerat

1067 1857 1275 1898 Antiochus,
1300 1866 1390 1898 cum,
1417 1859 1496 1897 post
1511 1854 1675 1887 diuturna
1697 1862 1775 1886 cum

1069 1909 1298 1951 Philadelpho
1321 1908 1426 1948 bella,
1455 1906 1651 1939 Berenicen
1677 1913 1776 1938 acce-

1069 1962 1140 2003 pit;
1165 1961 1381 2003 primumque
1405 1959 1584 1992 Laodicen
1601 1967 1680 1991 cum
1695 1956 1776 1990 filiis

1068 2013 1215 2044 Seleuco
1241 2016 1279 2043 et
1311 2011 1486 2043 Antiocho
1514 2010 1592 2042 aula
1618 2008 1778 2051 expulit;

1070 2064 1131 2097 sed
1149 2064 1249 2107 paulo
1272 2067 1352 2106 post
1374 2072 1489 2095 amore
1506 2063 1617 2095 victus
1633 2069 1709 2093 eam
1723 2069 1778 2092 re-

1070 2116 1190 2148 duxit:
1213 2125 1290 2158 quae
1316 2114 1426 2147 verita
1452 2113 1518 2145 viri
1543 2111 1680 2145 mobilis
1706 2110 1779 2143 ani-

1071 2177 1262 2208 mum‚eum
1277 2166 1416 2198 sustulit
1427 2174 1558 2198 veneno
1573 2175 1583 2204 3
1606 2169 1643 2196 et
1657 2163 1781 2196 Seleu-

1070 2229 1130 2251 cus
1143 2218 1331 2250 Beronices
1345 2216 1452 2249 filium
1475 2216 1655 2257 ipsamque
1671 2214 1778 2247 Bero-

1069 2270 1171 2302 nicen
1188 2270 1231 2302 ab
1250 2267 1442 2301 Antiochiae
1467 2264 1646 2299 Praefecto
1668 2263 1793 2315 occidi-

1065 2322 1180 2364 jussit.

1114 2379 1128 2409 †
1153 2372 1220 2405 An.
1236 2373 1288 2404 M.
1305 2375 1403 2405 3965.
1416 2370 1474 2403 Ol.
1491 2372 1567 2403 172.
1582 2371 1616 2402 4.
1633 2367 1721 2402 Urb.
1737 2367 1779 2401 C.

1070 2427 1145 2457 664.
1162 2423 1245 2456 Ant.
1258 2424 1320 2456 Ch.
1337 2426 1391 2455 88.

1115 2474 1130 2494 f
1146 2476 1297 2507 Jasonem
1327 2471 1521 2513 Thessalam]
1543 2470 1666 2504 Virum
1699 2469 1782 2502 belli

1072 2526 1333 2566 peritissimum,
1361 2524 1418 2567 qui
1434 2520 1580 2555 subacta
1601 2520 1782 2553 Thessalia

1071 2577 1115 2608 ad
1142 2582 1274 2609 taniam
1297 2575 1491 2618 potentiam
1514 2573 1621 2615 venit,
1635 2577 1676 2605 ut
1701 2576 1785 2605 octo
1805 2570 1817 2577 ⁴

1073 2628 1226 2671 equiturn
1258 2627 1375 2667 millia,
1397 2629 1435 2658 et
1464 2625 1588 2667 viginti
1624 2623 1782 2666 peditum

1073 2679 1184 2722 gravis
1207 2682 1391 2711 armaturae
1418 2677 1453 2708 in
1479 2676 1582 2709 armis
1610 2674 1783 2707 haberet:

1075 2740 1212 2763 suorum
1230 2728 1365 2762 insidiis
1382 2728 1496 2771 periit.
