1878 3132
293 151 380 196 842
705 165 913 198 VAnumi
949 168 1143 200 ΜΑΧιΜι
1180 171 1275 203 mn.
1306 172 1381 204 ix.

348 261 424 307 10.
454 262 519 307 At
552 277 608 307 ne
645 264 860 310 Hetrusci
892 268 1109 324 quidemr
1160 282 1313 325 parum
1348 271 1522 315 feroces
1558 268 1605 316 in
1634 287 1771 331 poena

291 333 617 389 excogitanda:
650 336 729 390 qui
751 336 953 380 vivorum
967 342 1005 369 ⁵4
1035 351 1226 395 corpora
1260 341 1564 386 cadaveribus
1583 344 1774 388 adversa

291 402 493 446 adversis
510 403 692 460 alligata
712 409 847 462 atque
869 407 1128 461 constricta,
1160 409 1226 453 ita
1246 415 1296 454 ut
1331 412 1521 468 singulae
1552 406 1772 458 membro-

290 485 385 516 rum
404 475 560 529 partes
578 474 766 530 singulis
786 481 941 520 essent
964 480 1333 534 accommodatae,
1367 483 1602 527 tabescere
1637 483 1772 527 'simul

289 543 600 599 patiebantur:
630 546 771 589 amari
791 547 897 590 vit-ae
918 548 1084 603 pariter
1104 562 1158 593 ac
1177 552 1333 595 mortis
1356 556 1564 596 tortores.

348 613 421 659 11.
452 614 583 658 Sicut
598 615 670 658 illi
690 616 895 670 Barbari,
914 631 1033 674 quos
1053 619 1204 663 ferunt
1223 625 1518 666 mactatarum
1541 621 1771 680 pecudum

290 683 549 738 intestinis,x
588 690 633 728 et
662 686 913 731 visceribus
948 690 1134 744 egestiS,
1164 690 1364 735 homines
1395 692 1603 745 inserere,
1631 691 1697 736 ita
1725 697 1775 737 ut

289 755 518 810 capitibus
551 757 858 801 tantummodo
877 759 1116 813 emineant,
1153 775 1335 819 quoquc
1347 766 1383 794 ⁵⁵
1427 761 1602 805 diutius
1622 775 1772 818 poenae

291 823 532 877 sufficiant,
565 826 669 868 cibo
704 830 749 869 et
782 827 969 883 potione
1001 829 1232 874 infelicem
1267 831 1477 887 spiritum
1501 845 1770 887 prorogare:

289 893 435 936 donec
455 894 577 938 intus
596 897 845 951 putrefacti,
865 898 1058 943 laniatui
1078 901 1168 944 sint
1181 900 1501 954 animalibuS,⁵⁶
1530 914 1634 958 quae
1654 901 1772 944 tabi-

290 964 361 1008 dis
379 965 426 1007 in
448 966 715 1022 corporibus
733 968 859 1010 nasci
879 967 1037 1012 solent.
1099 969 1347 1023 Queramur
1358 984 1476 1014 nunc
1492 984 1595 1014 cum
1613 974 1773 1014 natura

289 1049 452 1088 rerum,
473 1036 594 1092 quod
613 1049 700 1079 nos
721 1038 871 1081 multis
907 1043 955 1082 et
974 1041 1147 1095 asperis
1176 1040 1380 1084 adversae
1412 1037 1687 1084 valetudinis
1703 1040 1771 1082 in-

291 1106 542 1150 commodis
581 1107 812 1150 obnoxios
843 1121 943 1152 esse
972 1110 1192 1154 voluerit:
1241 1111 1532 1166 habitumque
1556 1108 1771 1167 *coelestis

289 1176 467 1219 roboris
501 1175 709 1220 humanae
740 1177 986 1222 conditioni
1021 1179 1284 1235 denegatum
1311 1180 1499 1224 moleste
1518 1178 1774 1232 feramns3'

292 1255 397 1289 cum
427 1249 498 1289 tot
526 1246 758 1289 cruciatus
793 1247 1075 1306 sibimetipsa
1098 1250 1347 1293 mortalitas
1377 1249 1582 1307 impulsu
1609 1248 1769 1293 crude-

289 1316 431 1360 litatis
452 1317 791 1371 excogitaverit.

335 1470 349 1487 ε
363 1466 498 1500 Moleste
502 1467 651 1507 seramus
663 1467 759 1501 robur
772 1468 950 1502 immortale
968 1469 1116 1502 humanis
1128 1469 1308 1513 corporibus
1321 1470 1520 1512 denegatum.

910 1565 1151 1580 “OOOOOOOOO‘

291 1632 364 1667 Bit.
379 1632 496 1676 primi,
509 1632 611 1666 Leid.
627 1637 717 1667 sext.
746 1634 817 1668 Sed
832 1633 867 1667 in
883 1633 1003 1678 quinto
1018 1634 1119 1668 deest
1131 1635 1352 1677 primus—54
1374 1634 1432 1668 Ita
1452 1634 1555 1676 Pigh.
1571 1643 1616 1667 ex
1629 1634 1770 1668 Winck.

293 1677 418 1720 Camp.
447 1682 484 1710 et
508 1677 647 1710 Gembl.
669 1680 786 1722 itaque
811 1679 968 1712 nonnulli
988 1679 1090 1712 codd.
1116 1680 1262 1712 Tou-ren.
1288 1679 1392 1720 vulgo
1416 1679 1583 1717 uirorum,·
1605 1679 1698 1721 quod
1714 1684 1769 1712 est

291 1722 397 1755 etiam
413 1721 447 1754 in
465 1721 670 1765 quibusdam
685 1723 832 1755 Tol-ren.
878 1723 1044 1756 Nonnulli
1059 1734 1068 1756 ε
1097 1723 1299 1757 cadaveribus
1318 1723 1462 1756 adversis
1479 1723 1612 1755 admon
1625 1722 1771 1764 alligata.

290 1770 376 1798 —55
401 1766 527 1808 Copes.
542 1770 614 1800 tres
629 1767 730 1799 codd.
744 1768 888 1800 Torren.
913 1772 951 1800 et
973 1766 1119 1801 Ascens.
1142 1778 1260 1810 quoque
1273 1771 1331 1806 nt;
1353 1766 1475 1800 decem
1501 1765 1604 1800 codd.
1623 1766 1770 1801 Torren-

292 1820 426 1853 quosqne
441 1813 477 1843 nt
491 1821 504 1849 ‚·
524 1810 557 1842 in
574 1811 746 1844 nonnullis
761 1811 843 1844 edd.
857 1815 952 1854 atque
969 1815 1019 1852 nt,
1034 1821 1079 1844 ex
1100 1811 1415 1854 interpretatione3
1438 1811 1473 1844 in
1488 1811 1628 1852 ceteris,
1651 1820 1771 1853 quoque

291 1854 422 1896 diutius,
435 1856 490 1897 Ssc.
534 1855 675 1888 Deinde
691 1865 754 1897 pro
766 1865 939 1897 prorogare
954 1856 1107 1888 nonnulli
1120 1858 1394 1898 prorogant.—66
1415 1854 1473 1887 Ita
1487 1854 1589 1896 Pigh.
1605 1854 1768 1888 excodd.

291 1903 331 1932 et
358 1899 489 1932 habent
513 1909 651 1942 quoque
676 1899 725 1931 ita
747 1900 877 1932 Brand.
894 1903 926 1933 1.
950 1902 983 1932 2.
1004 1899 1106 1933 codd.
1129 1900 1274 1933 Torren.
1292 1899 1374 1932 Vet.
1395 1899 1493 1941 Mog.
1517 1903 1556 1931 et
1570 1897 1717 1931 Mediol.
1733 1901 1765 1937 Β,

292 1943 409 1976 laniati
421 1946 493 1976 sunt
515 1943 555 1976 ab
570 1942 759 1976 animalibus
773 1942 881 1976 Aldd.
906 1944 1018 1977 Colin.
1037 1944 1172 1987 Gryph.
1187 1948 1224 1976 et
1239 1943 1363 1986 Steph.
1378 1943 1517 1976 mniatui
1535 1943 1603 1975 sint
1622 1942 1770 1975 animali·

293 1987 351 2019 bus
372 1987 508 2026 emend.
532 1987 727 2022 Pomanus.
746 2021 748 2023 ,
770 1988 856 2022 Mox
882 1987 961 2021 edd.
984 1998 1006 2021 a
1029 1988 1133 2031 Pigh.
1156 1998 1266 2032 usque
1291 1987 1335 2020 ad
1358 1987 1507 2021 Torren.
1528 1985 1709 2029 corporibus
1722 1987 1771 2019 in-

292 2041 391 2066 naseu.

959 2096 1103 2130 NOTAE

339 2179 361 2196 W
377 2174 430 2206 Ne
442 2173 595 2207 Hetrusci
609 2173 748 2216 quidem]
771 2172 815 2206 Id
830 2172 1006 2206 Mezentio
1102 2177 1120 2195 ¹
1142 2174 1304 2207 Pecudum
1331 2172 1508 2215 intestinis]
1539 2171 1632 2204 Illud
1661 2169 1768 2203 etiam

295 2236 415 2260 eorum
441 2226 530 2268 Regi
556 2226 681 2259 tribuit
700 2226 800 2268 Virg.
825 2225 904 2259 AEn.
920 2234 1004 2259 vm.
1058 2226 1220 2269 supplicii
1233 2235 1340 2268 genus
1360 2229 1398 2258 et
1414 2224 1458 2257 ab
1474 2223 1592 2267 Opilio
1607 2222 1768 2256 Macrino

297 2280 308 2298 ‘
319 2279 461 2312 Mortua
471 2278 552 2322 quin
564 2278 668 2310 etiam
675 2278 847 2320 jungebat
859 2286 1007 2320 corpora
1059 2279 1094 2311 in
1110 2279 1195 2312 duos
1219 2278 1358 2317 milites,
1380 2281 1474 2310 teste
1501 2275 1708 2318 Capitolino,
1725 2281 1768 2307 et

293 2331 396 2374 vivis,
426 2330 644 2373 Componens
670 2331 896 2374 manibusque
934 2341 1007 2364 ma-
1059 2331 1094 2363 in
1111 2330 1326 2364 Christianos
1341 2340 1362 2362 a
1377 2327 1539 2371 Faginus,
1561 2331 1655 2360 teste
1667 2324 1768 2369 Sulp.

295 2394 376 2426 nus,
398 2388 504 2427 atque
518 2383 637 2417 oribus
652 2382 737 2417 ora!
1058 2382 1203 2426 Severo,
1225 2385 1428 2425 usurpatum
1442 2385 1507 2414 est.
