1878 3132
535 190 643 222 cn».
663 189 730 220 vi.
763 188 828 220 nu
859 185 1221 220 uncusswmss.
1530 171 1619 217 719

138 290 315 335 Metelli
330 296 348 314 ¹²
379 289 438 334 ad
458 289 661 332 ultimam
682 300 828 343 usque
843 291 875 317 ³³
907 285 1141 341 penuriam
1169 282 1409 340 compulsi,
1428 294 1526 334 sua,
1541 280 1618 337 ju-

136 365 474 416 mentorumque
505 371 687 401 suorum
719 357 847 399 urina
879 355 999 397 sitim
1026 356 1262 404 torserunt,
1283 352 1451 408 justius
1487 351 1618 394 dixe-

134 430 235 481 rim,
256 442 392 486 quam
425 429 764 471 sustentarunt:
797 424 904 480 quia
934 423 1041 465 dum
1063 421 1187 465 vinci
1220 420 1391 471 timent,
1411 420 1459 463 id
1487 418 1617 475 passi

136 503 257 551 sunt,
278 497 397 554 quod
419 510 500 540 eos
521 509 576 538 ne
596 496 746 538 victor
766 493 948 550 quidem
970 492 1067 548 pati
1087 490 1345 546 coiigisseta*

192 567 238 611 2.
271 566 538 611 Numantini
560 567 710 608 autem
731 577 759 607 a
790 563 1004 619 Scipione
1025 561 1149 605 vallo
1182 563 1229 603 et
1248 571 1409 615 aggere
1429 558 1620 602 circum-

137 634 366 688 dati,‘cum
383 635 547 686 omnia,
569 647 672 690 quae
692 633 855 676 famem
887 645 1043 675 eorum
1063 631 1232 674 trahere
1259 632 1489 685 poterant,
1512 641 1620 670 con-

135 705 413 757 sumsissent,
441 704 499 747 ad
520 703 727 746 ultimum
745 703 1040 745 humanorum
1062 713 1304 756 corporum
1335 698 1529 754 dapibus
1548 697 1621 740 usi

137 778 252 818 sunt.
312 772 597 829 Quapropter
617 775 751 827 capta
763 770 860 827 jam
887 771 1012 822 urbe,
1031 769 1286 824 complures
1307 769 1476 813 inventi
1498 771 1620 820 sunt,

136 847 262 886 artus
291 848 339 886 et
356 843 558 886 membra
586 842 912 884 trucidatorum
940 853 1178 896 corporum
1209 841 1308 882 sinu
1329 852 1411 882 suo
1443 843 1622 894 gestan-

136 913 239 956 tes*
298 912 443 956 Nulla
464 912 600 956 estin
620 911 691 954 his
711 910 996 954 necessitatis
1029 911 1298 964 excusati03
1327 922 1431 951 nam
1454 907 1622 964 quibus

135 981 248 1025 mori
267 981 409 1034 licuit,
432 981 500 1024 sic
522 981 675 1025 vivere
692 993 874 1022 necesse
896 993 985 1023 non
1005 979 1106 1022 fuit.

193 1050 236 1094 3.
268 1050 447 1094 Horum
477 1054 646 1094 trucem
666 1050 957 1107 pertinaciam
976 1050 1024 1092 in
1054 1047 1280 1092 consimili
1309 1047 1512 1090 facinore
1534 1047 1622 1091 Ca·

134 1120 506 1176 lagurritanorum
521 1126 539 1142 V
569 1119 840 1163 execrabilis
852 1119 1062 1175 impietas
1079 1130 1371 1175 supergressa
1388 1122 1474 1161 est.
1527 1116 1622 1170 Qui

137 1202 228 1249 quo
247 1189 604 1246 perseverantius
624 1189 845 1232 interemti
866 1188 1054 1231 Sertorii
1075 1188 1317 1240 cineribus,
1338 1187 1620 1231 obsidionem

138 1257 219 1302 Cn.
254 1258 462 1315 Pompeii
494 1257 770 1310 frustrantes,
803 1258 938 1301 fidem
978 1262 1274 1314 praestarent3
1306 1258 1415 1314 quia
1445 1257 1621 1300 nullum

131 1327 231 1384 jam
251 1328 376 1371 aliud
396 1328 440 1370 in
462 1327 573 1371 urbe
595 1341 750 1371 eorum
767 1332 1001 1384 supererat
1021 1328 1202 1380 animal,
1224 1341 1388 1371 uxores
1411 1336 1519 1371 suas
1539 1339 1619 1370 na-

139 1398 300 1454 toSque
319 1397 379 1440 ad
406 1397 554 1452 usum:
568 1396 750 1441 nefariae
780 1397 911 1453 dapis
931 1400 1164 1440 verterunt.
1227 1395 1424 1452 Quoque
1449 1396 1622 1439 diutius

139 1468 309 1508 armata
321 1465 534 1521 juv'entus
563 1466 738 1508 viscera
760 1479 844 1509 sua
862 1466 1111 1510 visceribus
1131 1466 1226 1509 suis
1247 1466 1395 1517 aleret,
1413 1465 1623 1508 infelices

140 1533 415 1578 cadaverum
444 1534 659 1590 reliquias
691 1535 826 1577 salire
857 1548 946 1579 non
976 1534 1212 1579 dubitavit.
1275 1534 1343 1578 En
1373 1548 1508 1591 quam
1540 1533 1624 1577 ali-

139 1603 240 1657 quis
258 1603 303 1645 in
324 1603 424 1647 acie
443 1603 748 1656 hortaretur,³4
777 1608 827 1646 ut
847 1617 928 1660 pro
954 1603 1101 1646 salute
1127 1603 1364 1660 conjugum
1393 1607 1441 1645 et
1460 1603 1623 1646 libero-

770 1715 891 1728 ‘mu

139 1779 226 1810 -88
250 1777 381 1819 Ultraj.
407 1780 438 1811 1.
459 1781 491 1811 2.
514 1778 615 1811 Harl.
642 1777 746 1811 Bitur
768 1781 800 1811 1.
829 1778 935 1813 Barb.
967 1781 999 1811 l.
1023 1783 1060 1812 et
1084 1777 1182 1811 Leid.
1213 1781 1245 1811 2.
1273 1788 1342 1811 non
1368 1782 1562 1821 agnoscunt
1584 1777 1624 1810 τὸ

139 1830 256 1864 aequm·
278 1821 375 1854 Leid.
390 1825 423 1854 6.
440 1822 570 1855 habet:
594 1824 636 1855 ad
649 1822 794 1855 ultimam
808 1832 938 1864 quoque.
984 1823 1097 1855 Paulo
1114 1827 1193 1864 post
1209 1832 1272 1864 pro
1288 1823 1363 1864 quia
1382 1823 1539 1856 Perizon.
1555 1832 1629 1854 ma-

139 1865 182 1897 lit
195 1866 250 1907 qui
267 1866 320 1898 vel
332 1865 510 1907 quim—34
534 1866 544 1884 ‘
558 1865 617 1898 Ita
639 1866 822 1908 legendum
839 1869 962 1898 censet
978 1865 1178 1900 Gronovius
1203 1866 1237 1898 in
1255 1866 1357 1899 Notis
1374 1866 1418 1898 ad
1434 1868 1509 1900 Liv.
1532 1875 1624 1898 xxx.

140 1911 195 1941 21.
239 1909 287 1941 Et
309 1908 443 1942 habent
469 1908 546 1942 fere
571 1910 618 1942 ita
644 1914 743 1942 vetus
769 1909 877 1943 editio
903 1909 1047 1952 Aldina,
1067 1914 1104 1943 et
1128 1920 1216 1942 unus
1247 1910 1350 1944 codd.
1380 1910 1624 1951 Brandeburg.

136 1953 287 1985 Tantum
302 1962 486 1995 perperam
509 1953 545 1985 in
560 1953 602 1986 iis
618 1957 672 1986 est
687 1964 778 1995 quem
793 1963 857 1995 pro
873 1964 977 1996 quom.
1022 1955 1187 1987 Pertinet
1213 1959 1329 1986 autem
1353 1955 1438 1987 illud
1462 1965 1555 1996 quam
1578 1953 1624 1986 ad

137 1995 361 2037 juventutem
377 1997 421 2028 de
442 2006 509 2039 qua
535 1997 711 2039 praedixit.
758 1997 902 2039 Pighius
918 1997 1048 2030 edidit:
1078 1999 1203 2030 Eamne
1217 2008 1353 2039 unquam
1376 1999 1493 2040 aliquis
1507 1999 1542 2031 in
1556 1997 1626 2030 acie

138 2039 333 2072 hortaretur.
377 2040 425 2072 Et
450 2040 614 2073 Colerus:
638 2041 692 2073 En
712 2051 848 2083 unquam
869 2042 984 2083 uliquis
998 2041 1033 2073 in
1054 2043 1122 2074 acie
1147 2042 1342 2075 hortaretur.
1385 2042 1455 2074 Sed
1478 2042 1537 2074 ille
1554 2041 1624 2073 ele-

140 2088 280 2124 gantem
297 2092 396 2115 usum
410 2084 540 2116 voculae
558 2084 611 2116 En
627 2085 779 2125 neglexit
795 2096 804 2118 ε
829 2084 885 2117 hie
901 2095 944 2117 ne
962 2085 1198 2118 accusativum
1214 2085 1355 2128 quidem
1380 2086 1487 2118 habet
1503 2085 1561 2128 qui
1578 2085 1622 2117 ad

138 2126 282 2158 verbum
298 2126 481 2159 hortm-etur
495 2127 692 2169 pertineat?
718 2128 824 2162 Vorst.
859 2131 868 2147 ‘
882 2128 1081 2161 Gronovius
1100 2134 1194 2162 recte
1208 2130 1305 2171 legit,
1321 2130 1374 2161 En
1389 2140 1482 2172 quam
1498 2129 1626 2171 aliquis,

139 2169 200 2202 sed
213 2170 264 2202 ita
273 2170 345 2212 jam
362 2170 537 2203 Oliverius
555 2175 591 2204 et
606 2170 818 2205 Ascensiusss
839 2172 986 2205 Perizon-
1030 2173 1040 2190 ‘
1051 2172 1124 2206 Bit.
1141 2173 1241 2215 prim.
1258 2174 1303 2205 Et
1315 2183 1471 2215 nunquam
1484 2172 1599 2215 aliquis
1609 2183 1623 2211 ;

139 2213 238 2246 Med.
262 2213 363 2255 prim.
385 2214 474 2246 Eune
495 2225 630 2256 uuquam
652 2215 792 2258 aliquis;
814 2215 946 2248 Medic.
971 2225 1040 2248 sec.
1067 2216 1190 2249 Eamne
1214 2227 1371 2259 unquam,·
1397 2218 1490 2250 Ultr.
1522 2218 1623 2258 prim.

139 2256 193 2288 En
216 2257 287 2298 quie
308 2266 444 2299 unquam
471 2268 540 2290 eam
548 2268 561 2296 ,·
583 2258 708 2301 Ultraj.
735 2269 806 2291 sec.
834 2258 935 2291 Harl.
963 2259 1071 2292 Barb.
1097 2260 1196 2293 Leid.
1222 2266 1293 2292 tres
1311 2261 1365 2293 En
1379 2271 1469 2302 quem
1484 2261 1623 2302 aliquis,-

143 2299 244 2333 Leid.
262 2300 372 2344 quint.
388 2305 425 2334 et
440 2306 531 2335 sext.
561 2302 614 2334 En
639 2312 777 2345 unquam
799 2303 915 2344 aliquis
925 2313 939 2342 ;
963 2303 1025 2336 sed
1049 2303 1086 2336 in
1114 2308 1205 2338 sext.
1230 2304 1384 2346 additur,
1401 2315 1464 2348 pro
1482 2315 1514 2338 v.
1532 2306 1553 2336 l.
1569 2306 1622 2336 En

809 2401 953 2436 NOTAE

181 2483 197 2499 '¹
215 2478 385 2512 Obsidione
399 2479 540 2522 Metelli]
578 2480 716 2513 Bellum
732 2480 785 2513 his
802 2480 851 2512 in·
951 2486 966 2517 ὴ
978 2479 1046 2514 An.
1059 2481 1110 2515 M.
1127 2484 1226 2514 3988.
1249 2481 1309 2515 01.
1326 2483 1402 2515 178.
1418 2484 1450 2515 3.
1473 2481 1560 2515 Urb.
1581 2482 1621 2516 C.

138 2528 268 2562 dictum
286 2535 340 2563 est
355 2530 552 2563 dominandi
577 2531 773 2574 cupiditate
790 2542 851 2574 po·
905 2535 983 2566 687.
1016 2533 1101 2566 Ant.
1115 2533 1177 2566 Ch.
1194 2537 1250 2567 65.

138 2580 221 2618 tius,
235 2591 338 2624 quam
361 2582 431 2614 ulla
454 2582 550 2624 justa
572 2583 616 2615 de
642 2593 766 2624 causa3
798 2582 851 2616 fa·
953 2589 969 2623 ss
993 2583 1060 2618 An.
1087 2585 1139 2616 M.
1162 2587 1260 2617 3921.
1286 2584 1344 2616 01.
1368 2587 1442 2618 161.
1458 2587 1491 2618 4.
1530 2584 1619 2618 Urb.

139 2630 227 2663 visse
261 2636 375 2665 tamen
403 2633 600 2666 Mithridati
633 2634 850 2668 videbantur.
908 2637 948 2670 C.
966 2638 1044 2669 620.
1068 2635 1152 2667 Ant.
1170 2635 1232 2667 Cb.
1250 2638 1325 2667 132.

139 2681 199 2714 Ita
221 2681 353 2716 Florus.
382 2685 548 2718 Metellus
564 2686 696 2719 Cretici
724 2697 851 2730 cogno·
949 2692 964 2708 v
993 2686 1327 2728 Calagurritanorum]
1351 2686 1530 2728 Hispaniae
1559 2697 1622 2730 po-

140 2742 217 2765 men
247 2733 394 2774 adeptus
427 2739 491 2769 est.
535 2737 590 2768 De
620 2737 850 2770 NumantIno-
906 2738 1004 2781 pulos
1034 2736 1143 2769 fnisse
1169 2737 1300 2780 liquet;
1329 2737 1387 2770 ubi
1415 2737 1621 2781 habitarint,

140 2793 213 2816 rum
231 2784 330 2817 clade
346 2785 422 2827 lege
437 2786 498 2820 lib.
514 2796 555 2820 ιι.
571 2797 647 2830 cap.
659 2792 691 2821 7.
706 2799 799 2822 num.
817 2792 849 2822 1.
904 2789 1089 2822 obscurum
1105 2793 1169 2820 est.
