1878 3132
337 194 447 225 cAP.
470 192 542 224 xl.
578 193 642 224 DE
679 190 983 224 EFFECTIBUS
1016 191 1219 224 ARTIUM
1258 190 1426 222 RAms.
1543 177 1631 220 789

151 296 317 344 rentur,
340 292 565 335 interitum
601 290 686 333 sibi
721 289 898 333 coelesti
934 288 1270 332 denuntiatione
1302 286 1508 344 portendi
1539 296 1631 328 cre-

155 360 326 413 dentes,
347 361 550 404 Pericles
572 360 798 416 processit
817 359 862 401 in
883 358 1092 409 medium,
1113 361 1158 400 et
1178 370 1280 412 quae
1303 370 1331 399 a
1351 358 1631 412 praeceptore

154 442 238 473 suo
259 428 533 484 Anaxagora
552 428 818 484 pertinentia
833 427 890 471 ad
912 426 1022 470 solis
1043 431 1088 469 et
1106 426 1222 469 lunae
1245 438 1427 469 cursum
1441 436 1633 478 accepe—

154 505 239 550 rat,
255 499 486 543 disseruit:
516 511 598 541 nec
616 497 807 541 ulterius
822 496 1047 552 trepidare
1063 495 1188 539 cives
1204 506 1312 536 suos
1329 506 1449 536 vano
1462 497 1585 536 metu
1600 497 1635 516 ¹0

157 581 324 624 passus
344 572 448 610 ests

213 637 255 679 2.
287 634 520 688 Quantum
548 647 683 690 porro
713 634 942 690 dignitatis
960 645 988 676 a
1009 645 1112 687 rege
1134 630 1399 676 Alexandro
1420 630 1635 673 tributum

157 705 240 750 arti
270 705 602 755 existimamus,
621 704 698 759 qui
725 717 775 746 se
805 709 852 746 et
880 701 1033 758 pingi‘¹
1065 701 1122 744 ab
1144 714 1235 744 uno
1255 698 1436 755 Apelle,
1458 701 1503 741 et
1529 697 1636 751 fingi

158 787 187 816 a
206 773 411 829 Lysippo
433 772 742 815 tantummodo
762 771 908 814 voluit
919 771 962 813 ‘l‘

214 843 258 886 3.
288 841 433 885 Tenet
461 842 656 885 visentes
677 840 925 883 Athenas¹¹
958 837 1195 881 Vulcanus
1226 834 1511 881 Alcameni-1⁶
1541 847 1635 876 ma-

157 911 292 954 nibus
311 910 574 955 fabricatus·
635 909 809 952 Praeter
838 911 990 950 cetera
1019 906 1136 949 enim
1166 906 1510 961 perfectissimae
1531 904 1638 946 artis

158 979 203 1022 in
221 992 277 1022 eo
296 979 611 1035 praecurrentia
631 977 812 1027 indicia,
835 978 972 1020 etiam
990 975 1101 1018 illud
1122 975 1373 1027 mirantur,⁶
1403 973 1527 1029 quod
1547 976 1640 1018 stat

156 1047 452 1091 dissimulatae
483 1046 828 1091 claudicationis
859 1046 944 1087 sub
974 1049 1100 1088 veste
1129 1043 1289 1087 leviter
1308 1042 1547 1098 vestigium
1568 1035 1638 1084 ¹re-

157 1120 485 1172 praesentan3,¹²
515 1121 565 1158 ut
585 1128 675 1158 non
695 1120 910 1169 tanquam
928 1114 1248 1169 exprobratum
1267 1112 1444 1164 vitium,
1456 1113 1522 1155 ita
1542 1115 1638 1154 tan-

159 1189 342 1240 quam¹³
388 1189 556 1227 certam
594 1184 910 1240 propriamque
954 1182 1042 1226 Dei
1077 1186 1228 1227 notam
1264 1181 1428 1225 decore
1470 1179 1635 1236 signifi-

161 1266 285 1295 cans.

215 1323 259 1364 4.
288 1320 429 1378 Cujus
465 1322 704 1378 conjugem
740 1318 1026 1365 Praxiteles‘
1049 1321 1098 1363 in
1129 1332 1349 1363 marmore
1383 1318 1516 1375 quasi
1544 1316 1639 1373 spi-

158 1394 325 1434 rantem
356 1392 401 1434 in
422 1391 592 1446 templo
621 1390 913 1434 Gnidiorum³
942 1389 1203 1439 collocavit,
1224 1391 1416 1444 propter
1443 1385 1639 1443 pulchri-

202 1519 219 1534 ⁶
233 1513 380 1547 Statuam
408 1514 540 1547 Vulcani
562 1515 602 1547 ab
628 1516 797 1547 Alcamene
811 1515 965 1556 scidptam
984 1513 1185 1546 admirantur
1203 1521 1308 1544 omnes
1328 1510 1383 1553 qui
1396 1510 1540 1543 Athenas
1559 1507 1642 1540 invi·

159 1561 258 1595 σιηις
278 1568 351 1590 num
371 1561 490 1600 proeter
510 1563 615 1590 cetera
639 1558 879 1600 perfectissime
902 1557 984 1589 artis
998 1557 1130 1600 indicia,
1146 1566 1215 1598 quoe
1235 1555 1348 1588 statim
1362 1553 1403 1587 ab
1417 1551 1640 1596 aspicientibus

159 1602 319 1642 videntur,
333 1602 430 1634 etium
444 1602 523 1634 illud
536 1602 748 1634 admiratione
759 1602 892 1643 dignum
905 1600 1056 1633 cernitur.

778 1698 1018 1711 ooooooooooo

163 1767 205 1798 10
227 1764 288 1798 Ita
303 1765 447 1807 Pighius
463 1776 507 1798 ex
530 1766 631 1799 codd.
648 1767 767 1810 itaque
783 1776 902 1800 omnes
917 1765 1122 1800 Torreniani
1138 1774 1217 1797 cum
1230 1765 1313 1797 Vet.
1330 1763 1426 1804 Meg.
1443 1766 1479 1794 et
1495 1760 1640 1794 Mediol.

160 1819 258 1842 runo
279 1812 365 1843 metu
387 1809 491 1842 Aldd.
514 1810 627 1844 Colin.
655 1810 788 1853 Grypb.
816 1816 854 1844 et
877 1811 1090 1852 Steph.—ll
1115 1809 1242 1850 Copes.
1268 1805 1392 1840 Leidd.
1407 1808 1440 1840 2.
1455 1809 1488 1838 ⁵.
1504 1805 1588 1838 Vct.
1604 1809 1642 1837 et

161 1851 309 1885 Ascens.
330 1853 477 1886 Athenis.
508 1854 518 1871 ‘
531 1854 614 1886 Mox
644 1854 747 1888 codd.
790 1854 986 1894 Achimenia,
1013 1852 1220 1892 Alc-himmas,
1247 1850 1462 1890 Archimenis,
1488 1853 1525 1881 et
1546 1848 1642 1881 Aeca-

162 1896 279 1928 menis.-
305 1896 402 1938 Mog.
417 1897 634 1935 Alchz’mem'm
656 1898 801 1931 Venett.
823 1899 994 1932 Acimenis.
1041 1897 1190 1931 Rectum
1206 1900 1324 1928 tamen
1339 1892 1531 1927 Alcamenis.
1562 1892 1640 1924 Me-

162 1939 262 1971 minit
279 1944 315 1971 et
331 1940 406 1973 Cic.
423 1940 467 1973 de
485 1941 568 1974 Nat.
584 1942 694 1975 Deor.
720 1951 745 1975 1.
770 1945 824 1974 30.
838 1942 941 1984 huJus
964 1941 1195 1974 claudicantis
1218 1938 1370 1972 Vulcani
1391 1937 1435 1970 ab
1451 1935 1643 1969 Alcamene

161 1980 347 2016 fabricati!
371 1984 587 2018 Turrem—12
603 1985 729 2026 Copes.
745 1986 817 2018 Bit.
836 1995 907 2019 sec.
922 1986 1011 2018 Ultr.
1031 1985 1132 2026 prim.
1150 1982 1248 2017 Leid.
1265 1991 1335 2015 sec.
1352 1986 1390 2014 et
1404 1981 1490 2013 Vet.
1503 1983 1643 2012 aluum...

162 2029 378 2066 reproesentat,
392 2028 482 2069 quod
500 2027 702 2060 Perizonius
718 2030 830 2069 malit,
847 2039 889 2062 ne
905 2028 975 2062 duo
995 2027 1179 2071 participia
1195 2032 1264 2058 tam
1282 2024 1483 2067 propinquis
1499 2023 1533 2055 in
1558 2023 1642 2057 locis

163 2076 374 2102 concurrant
397 2071 454 2102 uni
479 2071 583 2103 verbo
610 2073 840 2105 annectenda.
861 2074 951 2115 Lips.
966 2072 1088 2104 statim.
1131 2071 1217 2103 Tres
1241 2069 1326 2102 Msa.
1349 2068 1641 2110 exprobrans—13

164 2112 308 2155 Pighius
321 2119 359 2146 et
374 2114 520 2147 Colerus
542 2118 658 2156 tamen,
675 2116 738 2149 sed
755 2117 912 2160 plerique
936 2115 1013 2148 libri
1037 2119 1200 2157 tanquam,
1214 2118 1251 2146 et
1265 2117 1358 2146 amat
1373 2111 1533 2146 Valerius
1548 2119 1643 2152 saepe

831 2210 973 2243 NOTAE

208 2287 222 2319 τ
240 2282 307 2315 An.
323 2282 376 2314 Μ.
398 2285 496 2316 3623.
521 2282 580 2316 01.
596 2286 650 2316 87.
677 2287 709 2317 2.
732 2285 818 2317 Urb.
835 2285 875 2317 C.

163 2337 241 2367 322.
266 2333 352 2367 Ant.
369 2335 432 2367 Ch.
451 2337 527 2367 430.

206 2384 222 2406 ἃ
250 2386 315 2422 Qui
342 2396 375 2418 se
394 2389 425 2417 et
449 2385 555 2428 pingi]
579 2385 676 2418 Idem
692 2385 822 2419 habent
839 2391 876 2419 et

163 2436 289 2468 Cicero
305 2436 415 2478 Epist.
431 2436 491 2468 lib.
504 2446 539 2468 v.
565 2437 608 2469 ad
628 2437 826 2479 Lucceium,
841 2442 878 2470 et

166 2487 333 2519 Horatius
349 2488 461 2530 Epist.
477 2488 538 2520 lib.
554 2488 687 2521 ultimo.
733 2489 877 2531 Apelles

165 2537 256 2569 Cous
283 2537 361 2575 fuit,
390 2538 562 2581 Lysippus
588 2539 790 2582 Sicyonius:
819 2541 876 2573 ille

165 2589 342 2629 pingendi,
358 2590 413 2621 hic
437 2589 588 2631 fingendi
609 2597 685 2623 arte
710 2597 878 2633 praestan-

167 2640 329 2672 tissimus.
352 2641 526 2683 Lysippus
553 2642 595 2674 ad
627 2650 796 2676 sexcenta
820 2645 878 2677 de-

166 2699 239 2722 cem
253 2690 351 2731 signa
367 2690 492 2724 fecisse
508 2693 671 2726 traditur.

210 2740 230 2759 '
254 2740 319 2773 An.
338 2742 387 2774 Μ.
403 2744 501 2775 ³720.
547 2744 607 2777 Ol.
620 2748 693 2777 111.
708 2748 744 2778 3.
789 2746 879 2778 Urb.

166 2792 208 2825 C·
221 2794 296 2825 ⁴119.
321 2792 403 2825 Ant.
422 2793 483 2826 Ch.
501 2796 575 2827 333.

976 2288 991 2305 Θ
1010 2282 1204 2324 Alcamenis]
1217 2282 1286 2316 Qui
1301 2280 1498 2315 statuarius
1509 2279 1643 2313 Phidiae

932 2336 1089 2375 aemulus,
1099 2344 1143 2367 ex
1160 2333 1348 2367 Plinioiib.
1364 2342 1499 2366 xxxiv.

973 2386 988 2407 f
1005 2385 1206 2428 Praxiteles]
1241 2384 1428 2417 Marmoris
1461 2381 1646 2424 sculpendi

932 2439 1074 2481 insignis
1100 2438 1240 2479 artifex,
1255 2448 1333 2469 cum
1351 2436 1469 2469 multis
1487 2436 1563 2468 aliia
1579 2436 1647 2476 sig-

930 2491 997 2532 nis,
1013 2496 1086 2524 tum
1112 2490 1242 2533 duplici
1260 2488 1477 2531 potissimum
1505 2488 1644 2519 Venere

932 2543 1155 2576 nobilitatus:
1192 2543 1304 2574 altera
1333 2539 1474 2578 Gnidia,
1501 2539 1574 2572 Coa
1599 2539 1647 2570 al-

934 2599 1022 2627 tera.

976 2651 992 2673 Β
1018 2646 1056 2678 ln
1071 2646 1184 2686 templo
1202 2642 1411 2685 Gnidiorum]
1427 2641 1562 2675 Gnidus
1579 2651 1646 2673 una

934 2706 977 2728 ex
994 2696 1146 2739 quinque
1170 2695 1314 2727 urbibus
1330 2693 1479 2727 Graeciae
1498 2692 1647 2733 Doricae,

933 2747 969 2779 in
992 2751 1151 2779 extrema
1182 2746 1375 2789 peninsulae
1403 2749 1504 2788 parte
1531 2743 1644 2777 Cariae

934 2797 1155 2830 adhaereutis.
