1878 3132
422 182 532 213 cAi‘.
555 180 588 211 1.
621 179 686 213 nn
719 177 960 211 nuxunm
998 179 1057 211 m·
1092 180 1339 212 mamma.
1526 154 1619 215 82&

129 275 247 324 filias
288 278 573 322 dominorum
611 278 659 321 in
698 278 1031 322 matrimonium
1071 279 1310 323 ducebant.
1374 277 1669 324 Postremo*

128 349 228 404 lege
261 352 521 401 sanxerunt,
542 353 596 391 ut
629 351 905 404 stupra-sua
934 347 981 390 in
1001 347 1154 391 viduis
1184 349 1352 404 pariter
1381 362 1437 392 ac
1458 335 1649 406 nupffi

129 416 358 475 impunita
386 421 567 472 essent3
598 430 654 460 ac
690 430 744 460 ne
773 430 864 474 qua
882 417 1007 473 virgo
1039 418 1231 473 ingenuo
1261 419 1461 470 nuberet,
1483 419 1613 475 cujus

128 486 386 531 castitatem
415 500 505 530 non
537 491 640 531 ante
674 499 734 530 ex
765 499 948 530 numero
978 486 1180 543 ipsorum
1212 486 1380 542 aliquis
1415 487 1613 532 delibas-

130 559 233 599 set.†

184 624 229 668 3.
259 623 375 680 Age,
395 624 583 669 Xerxes
603 640 742 682 opum
773 627 994 683 regiarum
1024 626 1325 669 ostentatione
1353 625 1538 678 eximia,
1559 641 1615 670 eo

129 706 276 750 usqne
295 694 482 738 luxuria
493 696 759 751 gaudens,⁴0
778 702 831 740 ut
849 696 1000 741 edicto
1016 695 1254 753 praemium
1265 695 1308 739 ei
1328 702 1616 752 proponeret,

131 763 211 821 qui
241 777 408 809 novum
429 765 680 822 voluptatis
711 780 856 822 genus
888 767 1146 824 reperisset,
1166 770 1349 822 quanta,
1370 765 1479 809 dum
1508 765 1617 809 deli-

134 834 221 876 ciis
241 833 394 878 nimiis
415 835 606 891 capitur,
627 836 899 893 amplissimi
925 836 1102 893 imperii
1121 835 1250 879 ruina
1268 836 1416 879 evasit
1426 836 1466 879 'tt

188 904 232 947 4.
261 901 514 948 Antiochus
549 918 729 962 quoque
759 905 907 962 Syriae
938 918 1022 948 rex
1049 905 1190 948 nihilo
1220 904 1564 949 continentioris
1579 911 1614 938 4¹

131 973 354 1029 exempli:
386 973 521 1030 cujus
561 987 733 1018 caecam
773 980 820 1017 et
855 979 1082 1018 amentem
1122 974 1352 1017 luxuriam
1390 975 1618 1019 exercitus

131 1041 345 1095 imitatus,
364 1056 526 1100 magna
555 1057 615 1088 ex
645 1049 776 1100 parte
807 1056 974 1087 aureos
1004 1045 1190 1087 clavos²
1219 1043 1416 1100 crepidis
1435 1045 1617 1102 subjec-

131 1115 208 1154 tos
226 1111 407 1156 habuit:
441 1118 740 1170 argenteaque
761 1127 874 1157 vasa
893 1113 953 1157 ad
973 1127 1102 1157 usum
1125 1114 1291 1158 culinae
1311 1117 1617 1170 comparavit:

132 1185 180 1224 et
197 1181 491 1226 tabernacula
511 1182 750 1226 textilibus
771 1183 933 1239 sigillis
962 1184 1183 1228 adornata
1213 1182 1405 1228 statuit?
1464 1184 1618 1230 Avaro

132 1250 282 1306 potius
300 1250 424 1295 hosti
442 1253 598 1309 praeda
619 1253 853 1309 optabilis,
869 1266 1004 1309 quam
1024 1254 1116 1297 ulla
1138 1253 1198 1297 ad
1220 1253 1488 1298 vincendum
1509 1259 1620 1298 stre-

134 1333 227 1363 nuo
248 1325 428 1364 mora.4²

192 1389 234 1432 5.
267 1388 374 1432 Jam
386 1395 421 1422 4³
468 1390 774 1435 Ptolemaeus⁸
815 1404 898 1434 rex
935 1391 1139 1435 accessio
1181 1391 1393 1436 vitiorum
1434 1406 1619 1438 suorum

756 1491 1000 1505 OOOOO‘OOO‘N

135 1544 338 1584 delibatam,
365 1547 396 1579 si
418 1546 568 1581 nuberet
592 1548 651 1581 nni
676 1558 720 1582 ex
735 1559 915 1583 servorum
931 1553 1177 1584 numera—40
1199 1550 1209 1568 ⁴
1223 1549 1528 1594 Copes.gaudens;
1553 1563 1620 1596 quo

135 1594 242 1632 pacto
263 1590 379 1624 omnia
401 1592 615 1633 conjunctim
640 1594 791 1636 legenda
813 1598 936 1628 erunt:
960 1596 1033 1637 Age
1050 1595 1096 1627 X.
1112 1605 1140 1628 ο.
1156 1605 1185 1628 r.
1199 1605 1228 1626 0·
1253 1605 1281 1628 e.
1310 1605 1345 1627 eo
1367 1605 1464 1638 usque
1487 1597 1620 1630 luxuria

131 1635 275 1674 gaudens
295 1638 332 1667 ut
354 1637 409 1677 ὅγε.
435 1637 618 1678 reperisset,
644 1641 763 1679 quanta
785 1639 816 1670 d.
838 1639 893 1680 εἷο.
917 1639 1013 1671 ruina
1042 1639 1154 1672 evasit.
1197 1639 1256 1671 Sic
1271 1648 1325 1672 ix.
1340 1643 1374 1672 5.
1391 1642 1424 1672 6.
1442 1646 1480 1672 et
1497 1650 1567 1674 v11.
1584 1645 1620 1674 2.

135 1677 218 1710 Ext.
232 1680 264 1710 8.
282 1683 316 1710 et
333 1688 386 1712 1x.
404 1682 436 1711 8.
453 1682 484 1712 3.
495 1680 544 1714 sic
558 1684 594 1712 et
610 1679 771 1714 Ascensii
783 1682 918 1715 editio!
942 1683 1089 1716 Perizon.
1136 1682 1147 1700 ‘
1161 1682 1239 1715 Nec
1253 1681 1411 1716 Ascensii
1428 1684 1545 1726 modo,
1560 1685 1622 1717 sed

135 1727 174 1754 et
198 1721 347 1754 Medici.
370 1723 458 1757 Ven.
479 1722 560 1758 Ald.
586 1724 664 1758 Col.
682 1725 805 1768 Steph.
821 1726 1012 1769 Grypmet
1027 1727 1113 1760 Mss.
1126 1726 1300 1760 undecim.
1344 1728 1461 1763 Quare
1484 1730 1621 1771 optime

135 1765 187 1797 ita
214 1765 468 1800 emendandum
495 1769 674 1802 censuisse
696 1770 922 1803 Perizonium
944 1770 1126 1814 judicavi:
1153 1770 1286 1804 Torren-
1329 1771 1388 1805 Sic
1411 1773 1516 1806 etiam
1538 1774 1620 1808 Vet.

135 1809 294 1852 Pighius,
313 1810 440 1854 aliique
465 1811 665 1854 ediderunt,
683 1815 856 1856 gaudebat,
871 1819 908 1848 et
935 1819 1019 1858 post
1033 1814 1215 1857 reperisset,
1231 1815 1491 1850 distinctionem
1514 1818 1623 1850 maxi·

136 1862 226 1886 mam
251 1860 456 1896 posuerunt.
502 1857 573 1889 Pro
594 1858 720 1900 capitur
735 1859 880 1892 colei-ns
906 1869 951 1891 ex
973 1859 1122 1893 Colmar.
1145 1860 1301 1900 reposuit
1322 1860 1479 1903 carpitur,
1500 1867 1622 1895 contra

136 1907 255 1930 omnes
270 1898 354 1931 alios
366 1899 556 1933 codd-41
572 1901 629 1934 Ita
648 1901 745 1935 Leid.
757 1905 789 1935 6.
806 1908 843 1936 et
856 1903 970 1936 Bitur.
984 1906 1014 1937 1.
1028 1907 1065 1936 nt
1081 1914 1125 1936 ex
1137 1904 1229 1946 conj.
1243 1905 1441 1938 emendavit
1454 1905 1619 1949 Pighius3

135 1942 342 1975 contentiori:
367 1943 648 1986 Camp.winck.
675 1951 711 1979 et
734 1946 855 1980 Ati-eb.
885 1957 964 1980 cum
991 1948 1107 1981 inultis
1131 1948 1274 1981 Torren.
1299 1950 1535 1992 contemption'e
1562 1950 1620 1983 alii

136 1985 239 2017 codd.
253 1986 398 2020 Tor-ren.
412 1997 490 2020 cum
506 1989 620 2022 Bitur.
638 1993 670 2022 l.
688 2000 709 2022 a
724 2000 770 2023 m.
791 2001 863 2023 sec.
885 1991 1160 2024 incontinentia-is
1174 1992 1302 2034 Uitraj.
1326 1995 1446 2026 1.-42
1470 1993 1620 2026 Auctior

136 2028 172 2060 in
187 2029 272 2062 Par.
289 2032 321 2063 1.
334 2030 398 2063 hoc
414 2032 538 2065 modo:
565 2034 655 2066 Unde
664 2035 795 2075 pulchre
811 2035 981 2068 Hannibal
993 2037 1076 2078 apud
1094 2036 1283 2068 Antiochum
1299 2037 1430 2070 exulans
1442 2038 1506 2079 ipsi
1519 2038 1620 2071 inter-

135 2073 279 2114 roganti,
300 2085 341 2107 an
362 2075 415 2107 hic
432 2077 594 2109 exercitus
606 2079 773 2120 sufficeret,
785 2080 885 2118 dixit,
895 2083 971 2120 puto
982 2080 1044 2113 etsi
1058 2080 1240 2112 avarissimi
1254 2080 1319 2112 sint
1329 2092 1340 2113 .·
1364 2081 1446 2114 nihil
1458 2083 1620 2120 dicacium

135 2117 388 2158 interrogacemt
409 2129 468 2151 rex
489 2121 528 2153 de
545 2121 700 2162 victoria,
721 2124 882 2165 respondit
898 2123 951 2156 ille
963 2124 1003 2157 de
1022 2125 1143 2166 proeda.
1188 2124 1234 2157 Et
1250 2125 1324 2157 haee
1340 2125 1391 2157 ita
1406 2126 1568 2167 leguntur
1585 2126 1620 2160 in

136 2159 209 2192 Bit.
227 2162 354 2203 primo,
369 2163 431 2195 sed
443 2164 595 2207 ascripta
610 2171 711 2198 erant
723 2166 757 2199 in
773 2167 943 2209 margine,
960 2167 1008 2199 ita
1022 2173 1151 2209 tamen,
1169 2173 1207 2201 nt
1224 2169 1391 2202 asterisco
1411 2170 1501 2202 inter
1517 2180 1620 2214 quar-

136 2207 209 2236 tum
225 2210 262 2237 et
283 2207 442 2248 quintum
465 2207 565 2250 hujus
589 2209 718 2251 capitis
742 2212 940 2252 exemplum
966 2211 1154 2244 inserenda
1169 2213 1282 2245 textui
1298 2222 1375 2245 esse
1394 2213 1624 2247 indicaretur.

135 2247 146 2264 ‘
160 2247 231 2280 Pro
263 2250 377 2290 glossa
402 2250 618 2285 habendum.’
641 2254 860 2287 ranem—43
887 2255 974 2287 Nam
989 2256 1146 2299 plerique
1176 2256 1279 2289 codd.
1325 2257 1466 2291 Deinde
1495 2268 1621 2291 accessu

138 2299 225 2324 unus
242 2293 354 2326 codex
370 2295 515 2328 Torren.
542 2297 676 2330 accessio
691 2297 781 2331 Dan.
797 2298 932 2332 Brand.
954 2302 986 2331 1.
1012 2302 1046 2332 2.
1065 2306 1103 2333 et
1124 2309 1248 2334 novem
1272 2302 1488 2335 Torreniani.
1533 2302 1619 2335 Mox

811 2381 842 2414 N
849 2381 958 2415 01·AE

182 2443 196 2475 t
219 2439 288 2474 An.
306 2441 358 2475 M.
373 2444 472 2476 3755.
510 2442 568 2476 01.
591 2447 666 2477 120.
689 2448 722 2478 2.
764 2445 850 2480 Urb.
904 2446 983 2480 bal:
1001 2446 1011 2465 ‘
1024 2447 1145 2486 Satis,'
1162 2449 1286 2491 inquit,
1307 2449 1318 2466 ‘
1330 2452 1432 2481 erunt
1446 2449 1621 2492 Romanis,

139 2493 180 2526 C.
196 2495 274 2526 454.
313 2493 396 2526 Ant.
415 2494 478 2528 Ch.
494 2498 571 2529 298.
904 2499 1059 2541 quamvis
1074 2500 1267 2532 avarissimi
1284 2499 1379 2532 sint!

183 2548 199 2584 ζ
222 2543 293 2577 An.
316 2545 369 2577 M.
398 2547 497 2579 3568.
536 2545 594 2580 Ol.
611 2549 665 2582 ⁷3.
681 2550 713 2581 3.
760 2548 849 2581 Urb.
949 2550 968 2568 ¹
992 2549 1060 2583 An.
1083 2551 1134 2583 M.
1156 2553 1256 2584 3862.
1294 2551 1352 2583 Ol.
1370 2553 1444 2584 147.
1459 2554 1492 2585 1.
1531 2552 1619 2586 Urb.

139 2593 180 2627 C.
195 2597 272 2627 26⁷.
308 2594 393 2628 Ant.
410 2596 474 2629 Ch.
490 2600 565 2630 485.
906 2598 946 2632 C.
963 2603 1039 2632 561.
1077 2601 1163 2634 Ant.
1179 2602 1243 2634 Cb.
1261 2604 1335 2635 191.

182 2651 195 2667 2
217 2647 339 2679 Aureos
365 2648 483 2690 clavos]
516 2649 645 2692 Copias
671 2660 755 2683 auro
784 2649 851 2683 ful·
949 2654 965 2671 ⁸
990 2651 1194 2693 Ptolemoeus]
1219 2652 1325 2684 Filius
1342 2652 1524 2685 Ptolemaei
1537 2654 1621 2696 Epi-

140 2701 264 2738 gentes
295 2697 486 2731 Hannibali
526 2710 604 2733 cum
639 2701 852 2735 ostendisset
907 2700 1044 2742 phanis.
1069 2702 1246 2744 Physcon,
1259 2703 1324 2736 hoc
1335 2708 1401 2745 est,
1412 2705 1620 2747 venti-iosus,

138 2747 346 2790 Antiochus,
374 2751 533 2792 quoesivit
548 2761 591 2784 ex
607 2762 662 2792 e0,
685 2753 850 2796 numquid
906 2758 1055 2785 vocatur
1071 2763 1092 2785 a
1107 2754 1274 2796 Josepho,
1300 2754 1486 2796 Strabone,
1515 2760 1551 2788 et
1575 2755 1618 2788 ab

140 2808 181 2830 ea
192 2801 277 2833 satis
293 2807 408 2834 essent
421 2801 602 2835 Romanis?
618 2804 706 2838 Tum
718 2804 851 2838 Hanni·
907 2803 1104 2848 Epiphanio
1122 2805 1315 2848 Philologo,
1330 2805 1459 2839 Strabo
1467 2817 1479 2858 ᾗ
1494 2806 1620 2840 Cacer·
