<?xml version="1.0" encoding="UTF-8"?>
<!DOCTYPE html PUBLIC "-//W3C//DTD XHTML 1.0 Transitional//EN"
    "http://www.w3.org/TR/xhtml1/DTD/xhtml1-transitional.dtd">
<html xmlns="http://www.w3.org/1999/xhtml" xml:lang="en" lang="en">
 <head>
  <title>
</title>
<meta http-equiv="Content-Type" content="text/html;charset=utf-8" />
  <meta name='ocr-system' content='tesseract 3.04.00' />
  <meta name='ocr-capabilities' content='ocr_page ocr_carea ocr_par ocr_line ocrx_word'/>
</head>
<body>
  <div class='ocr_page' id='page_1' title='image "./factorumdictorum02valeuoft_0110.png"; bbox 0 0 1878 3132; ppageno 0'>
   <div class='ocr_carea' id='block_1_1' title="bbox 250 160 1317 203">
    <p class='ocr_par' dir='ltr' id='par_1_1' title="bbox 250 160 1317 203">
     <span class='ocr_line' id='line_1_1' title="bbox 250 160 1317 203; baseline -0.002 0"><span class='ocrx_word' id='word_1_1' title='bbox 250 160 338 203; x_wconf 79' lang='lat'><strong>566</strong></span> <span class='ocrx_word' id='word_1_2' title='bbox 664 170 873 202; x_wconf 65' lang='lat' dir='ltr'><strong>vAcmur</strong></span> <span class='ocrx_word' id='word_1_3' title='bbox 910 169 1106 202; x_wconf 77' lang='grc' dir='ltr'><strong>ΜΑΧιΜι</strong></span> <span class='ocrx_word' id='word_1_4' title='bbox 1142 170 1239 201; x_wconf 71' lang='grc' dir='ltr'><strong>[ΑΒ.</strong></span> <span class='ocrx_word' id='word_1_5' title='bbox 1276 171 1317 201; x_wconf 84' lang='lat' dir='ltr'><strong>v.</strong></span> 
     </span>
    </p>
   </div>
   <div class='ocr_carea' id='block_1_2' title="bbox 252 265 1728 651">
    <p class='ocr_par' dir='ltr' id='par_1_2' title="bbox 252 265 1728 651">
     <span class='ocr_line' id='line_1_2' title="bbox 252 265 1725 321; baseline 0.001 -14"><span class='ocrx_word' id='word_1_6' title='bbox 252 266 369 308; x_wconf 88' lang='lat' dir='ltr'><strong>mitti</strong></span> <span class='ocrx_word' id='word_1_7' title='bbox 390 269 628 321; x_wconf 77' lang='lat' dir='ltr'><strong>oporteret,</strong></span> <span class='ocrx_word' id='word_1_8' title='bbox 648 278 792 321; x_wconf 85' lang='lat' dir='ltr'><strong>neque</strong></span> <span class='ocrx_word' id='word_1_9' title='bbox 812 265 986 308; x_wconf 82' lang='lat' dir='ltr'><strong>emendi</strong></span> <span class='ocrx_word' id='word_1_10' title='bbox 1007 265 1103 320; x_wconf 88' lang='lat' dir='ltr'><strong>ejus</strong></span> <span class='ocrx_word' id='word_1_11' title='bbox 1122 265 1315 307; x_wconf 80' lang='lat' dir='ltr'><strong>facultas</strong></span> <span class='ocrx_word' id='word_1_12' title='bbox 1342 268 1477 316; x_wconf 85' lang='lat' dir='ltr'><strong>esset,</strong></span> <span class='ocrx_word' id='word_1_13' title='bbox 1499 267 1725 308; x_wconf 79' lang='lat' dir='ltr'><strong>matronas</strong></span> 
     </span>
     <span class='ocr_line' id='line_1_3' title="bbox 255 333 1725 389; baseline 0 -13"><span class='ocrx_word' id='word_1_14' title='bbox 255 339 512 377; x_wconf 87' lang='lat' dir='ltr'><strong>ornamenta</strong></span> <span class='ocrx_word' id='word_1_15' title='bbox 533 347 615 376; x_wconf 83' lang='lat' dir='ltr'><strong>sua</strong></span> <span class='ocrx_word' id='word_1_16' title='bbox 644 334 690 375; x_wconf 88' lang='lat' dir='ltr'><strong>in</strong></span> <span class='ocrx_word' id='word_1_17' title='bbox 720 333 923 376; x_wconf 84' lang='lat' dir='ltr'><strong>aerarium</strong></span> <span class='ocrx_word' id='word_1_18' title='bbox 953 334 1159 376; x_wconf 87' lang='lat' dir='ltr'><strong>retulisse</strong></span> <span class='ocrx_word' id='word_1_19' title='bbox 1176 337 1231 376; x_wconf 82' lang='lat'><strong>:³⁵</strong></span> <span class='ocrx_word' id='word_1_20' title='bbox 1263 333 1550 389; x_wconf 81' lang='lat' dir='ltr'><strong>similiterque</strong></span> <span class='ocrx_word' id='word_1_21' title='bbox 1570 333 1725 376; x_wconf 80' lang='lat' dir='ltr'><strong>audie-</strong></span> 
     </span>
     <span class='ocr_line' id='line_1_4' title="bbox 252 401 1727 457; baseline -0.001 -13"><span class='ocrx_word' id='word_1_22' title='bbox 252 406 367 454; x_wconf 87' lang='lat' dir='ltr'><strong>rant,</strong></span> <span class='ocrx_word' id='word_1_23' title='bbox 389 402 507 444; x_wconf 90' lang='lat' dir='ltr'><strong>mille</strong></span> <span class='ocrx_word' id='word_1_24' title='bbox 529 402 678 457; x_wconf 90' lang='lat' dir='ltr'><strong>pondo</strong></span> <span class='ocrx_word' id='word_1_25' title='bbox 709 403 818 452; x_wconf 86' lang='lat' dir='ltr'><strong>auri,</strong></span> <span class='ocrx_word' id='word_1_26' title='bbox 841 415 941 457; x_wconf 86' lang='lat' dir='ltr'><strong>quae</strong></span> <span class='ocrx_word' id='word_1_27' title='bbox 973 401 1117 444; x_wconf 85' lang='lat' dir='ltr'><strong>Gallis</strong></span> <span class='ocrx_word' id='word_1_28' title='bbox 1138 415 1221 457; x_wconf 87' lang='lat' dir='ltr'><strong>pro</strong></span> <span class='ocrx_word' id='word_1_29' title='bbox 1256 402 1488 444; x_wconf 89' lang='lat' dir='ltr'><strong>obsidione</strong></span> <span class='ocrx_word' id='word_1_30' title='bbox 1506 402 1727 457; x_wconf 78' lang='lat' dir='ltr'><strong>Capitolii</strong></span> 
     </span>
     <span class='ocr_line' id='line_1_5' title="bbox 254 469 1727 527; baseline -0.001 -14"><span class='ocrx_word' id='word_1_31' title='bbox 254 471 476 527; x_wconf 86' lang='lat' dir='ltr'><strong>promissa</strong></span> <span class='ocrx_word' id='word_1_32' title='bbox 517 470 802 518; x_wconf 84' lang='lat' dir='ltr'><strong>debebantur,</strong></span> <span class='ocrx_word' id='word_1_33' title='bbox 838 483 990 512; x_wconf 88' lang='lat' dir='ltr'><strong>earum</strong></span> <span class='ocrx_word' id='word_1_34' title='bbox 1021 471 1148 512; x_wconf 87' lang='lat' dir='ltr'><strong>cultu</strong></span> <span class='ocrx_word' id='word_1_35' title='bbox 1179 469 1417 526; x_wconf 76' lang='lat' dir='ltr'><strong>expleta-³⁶</strong></span> <span class='ocrx_word' id='word_1_36' title='bbox 1478 470 1642 525; x_wconf 86' lang='lat' dir='ltr'><strong>Itaque</strong></span> <span class='ocrx_word' id='word_1_37' title='bbox 1681 474 1727 512; x_wconf 85' lang='lat' dir='ltr'><strong>et</strong></span> 
     </span>
     <span class='ocr_line' id='line_1_6' title="bbox 253 539 1728 595; baseline -0.001 -13"><span class='ocrx_word' id='word_1_38' title='bbox 253 541 437 595; x_wconf 87' lang='lat' dir='ltr'><strong>proprio</strong></span> <span class='ocrx_word' id='word_1_39' title='bbox 455 540 649 593; x_wconf 85' lang='lat' dir='ltr'><strong>ingenio,</strong></span> <span class='ocrx_word' id='word_1_40' title='bbox 671 544 716 581; x_wconf 91' lang='lat' dir='ltr'><strong>et</strong></span> <span class='ocrx_word' id='word_1_41' title='bbox 744 539 952 593; x_wconf 87' lang='lat' dir='ltr'><strong>exemplo</strong></span> <span class='ocrx_word' id='word_1_42' title='bbox 971 540 1216 582; x_wconf 81' lang='lat' dir='ltr'><strong>vetustatis</strong></span> <span class='ocrx_word' id='word_1_43' title='bbox 1247 539 1476 591; x_wconf 82' lang='lat' dir='ltr'><strong>admoniti,</strong></span> <span class='ocrx_word' id='word_1_44' title='bbox 1499 539 1621 583; x_wconf 83' lang='lat' dir='ltr'><strong>nulla</strong></span> <span class='ocrx_word' id='word_1_45' title='bbox 1640 539 1728 582; x_wconf 86' lang='lat' dir='ltr'><strong>sibi</strong></span> 
     </span>
     <span class='ocr_line' id='line_1_7' title="bbox 255 605 1082 651; baseline -0.005 0"><span class='ocrx_word' id='word_1_46' title='bbox 255 609 301 651; x_wconf 88' lang='lat' dir='ltr'><strong>in</strong></span> <span class='ocrx_word' id='word_1_47' title='bbox 321 622 367 651; x_wconf 89' lang='lat' dir='ltr'><strong>re</strong></span> <span class='ocrx_word' id='word_1_48' title='bbox 389 608 659 651; x_wconf 87' lang='lat' dir='ltr'><strong>cessandum</strong></span> <span class='ocrx_word' id='word_1_49' title='bbox 679 605 1082 650; x_wconf 56' lang='lat' dir='ltr'><strong>existimaverunt?</strong></span> 
     </span>
    </p>
   </div>
   <div class='ocr_carea' id='block_1_3' title="bbox 870 754 1130 786">
    <p class='ocr_par' dir='ltr' id='par_1_3' title="bbox 870 754 1130 786">
     <span class='ocr_line' id='line_1_8' title="bbox 870 754 1130 786; baseline -0.004 -1"><span class='ocrx_word' id='word_1_50' title='bbox 870 754 1130 786; x_wconf 71' lang='lat' dir='ltr'><strong>EX&#39;I&#39;ERNA.</strong></span> 
     </span>
    </p>
   </div>
   <div class='ocr_carea' id='block_1_4' title="bbox 257 843 1734 1519">
    <p class='ocr_par' dir='ltr' id='par_1_4' title="bbox 257 843 1734 1519">
     <span class='ocr_line' id='line_1_9' title="bbox 314 843 1729 901; baseline 0 -14"><span class='ocrx_word' id='word_1_51' title='bbox 314 846 356 887; x_wconf 89' lang='lat'><strong>1..</strong></span> <span class='ocrx_word' id='word_1_52' title='bbox 387 845 477 887; x_wconf 88' lang='lat' dir='ltr'><strong>Sed</strong></span> <span class='ocrx_word' id='word_1_53' title='bbox 497 847 540 887; x_wconf 86' lang='lat' dir='ltr'><strong>et</strong></span> <span class='ocrx_word' id='word_1_54' title='bbox 561 850 786 901; x_wconf 81' lang='lat' dir='ltr'><strong>externa³⁷</strong></span> <span class='ocrx_word' id='word_1_55' title='bbox 818 843 1014 900; x_wconf 88' lang='lat' dir='ltr'><strong>ejusdem</strong></span> <span class='ocrx_word' id='word_1_56' title='bbox 1033 843 1253 899; x_wconf 89' lang='lat' dir='ltr'><strong>propositi</strong></span> <span class='ocrx_word' id='word_1_57' title='bbox 1272 844 1482 900; x_wconf 86' lang='lat' dir='ltr'><strong>exempla</strong></span> <span class='ocrx_word' id='word_1_58' title='bbox 1499 844 1729 899; x_wconf 84' lang='lat' dir='ltr'><strong>attingam.</strong></span> 
     </span>
     <span class='ocr_line' id='line_1_10' title="bbox 259 907 1730 966; baseline -0.001 -10"><span class='ocrx_word' id='word_1_59' title='bbox 259 914 361 956; x_wconf 89' lang='lat' dir='ltr'><strong>Rex</strong></span> <span class='ocrx_word' id='word_1_60' title='bbox 383 907 714 956; x_wconf 72' lang='lat' dir='ltr'><strong>Atheniensium</strong></span> <span class='ocrx_word' id='word_1_61' title='bbox 741 912 938 965; x_wconf 82' lang='lat' dir='ltr'><strong>Codrus,¹</strong></span> <span class='ocrx_word' id='word_1_62' title='bbox 970 927 1071 956; x_wconf 91' lang='lat' dir='ltr'><strong>cum</strong></span> <span class='ocrx_word' id='word_1_63' title='bbox 1094 913 1259 966; x_wconf 86' lang='lat' dir='ltr'><strong>ingenti</strong></span> <span class='ocrx_word' id='word_1_64' title='bbox 1279 913 1473 955; x_wconf 89' lang='lat' dir='ltr'><strong>hostium</strong></span> <span class='ocrx_word' id='word_1_65' title='bbox 1489 913 1730 955; x_wconf 75' lang='lat' dir='ltr'><strong>exercitu¹¹¹</strong></span> 
     </span>
     <span class='ocr_line' id='line_1_11' title="bbox 258 980 1733 1037; baseline -0.001 -13"><span class='ocrx_word' id='word_1_66' title='bbox 258 982 408 1025; x_wconf 85' lang='lat' dir='ltr'><strong>Attica</strong></span> <span class='ocrx_word' id='word_1_67' title='bbox 440 983 563 1036; x_wconf 86' lang='lat' dir='ltr'><strong>regio</strong></span> <span class='ocrx_word' id='word_1_68' title='bbox 579 982 610 1013; x_wconf 80' lang='lat'><strong>³⁸</strong></span> <span class='ocrx_word' id='word_1_69' title='bbox 643 982 881 1024; x_wconf 85' lang='lat' dir='ltr'><strong>debilitata</strong></span> <span class='ocrx_word' id='word_1_70' title='bbox 906 983 1018 1024; x_wconf 85' lang='lat' dir='ltr'><strong>ferro</strong></span> <span class='ocrx_word' id='word_1_71' title='bbox 1043 981 1226 1037; x_wconf 86' lang='lat' dir='ltr'><strong>ignique</strong></span> <span class='ocrx_word' id='word_1_72' title='bbox 1249 984 1510 1031; x_wconf 85' lang='lat' dir='ltr'><strong>vastaretur,</strong></span> <span class='ocrx_word' id='word_1_73' title='bbox 1532 980 1733 1023; x_wconf 83' lang='lat' dir='ltr'><strong>diffiden-</strong></span> 
     </span>
     <span class='ocr_line' id='line_1_12' title="bbox 258 1049 1734 1107; baseline 0 -14"><span class='ocrx_word' id='word_1_74' title='bbox 258 1052 321 1093; x_wconf 87' lang='lat' dir='ltr'><strong>tia</strong></span> <span class='ocrx_word' id='word_1_75' title='bbox 340 1051 523 1093; x_wconf 86' lang='lat' dir='ltr'><strong>humani</strong></span> <span class='ocrx_word' id='word_1_76' title='bbox 555 1051 711 1093; x_wconf 83' lang='lat' dir='ltr'><strong>auxilii</strong></span> <span class='ocrx_word' id='word_1_77' title='bbox 743 1051 798 1093; x_wconf 87' lang='lat' dir='ltr'><strong>ad</strong></span> <span class='ocrx_word' id='word_1_78' title='bbox 823 1051 1053 1107; x_wconf 84' lang='lat' dir='ltr'><strong>Apollinis</strong></span> <span class='ocrx_word' id='word_1_79' title='bbox 1087 1049 1295 1105; x_wconf 84' lang='lat' dir='ltr'><strong>Delphici</strong></span> <span class='ocrx_word' id='word_1_80' title='bbox 1326 1050 1556 1105; x_wconf 81' lang='lat' dir='ltr'><strong>oraculum</strong></span> <span class='ocrx_word' id='word_1_81' title='bbox 1581 1049 1734 1093; x_wconf 87' lang='lat' dir='ltr'><strong>confu-</strong></span> 
     </span>
     <span class='ocr_line' id='line_1_13' title="bbox 257 1118 1730 1174; baseline 0.001 -13"><span class='ocrx_word' id='word_1_82' title='bbox 257 1120 333 1174; x_wconf 85' lang='lat' dir='ltr'><strong>git,</strong></span> <span class='ocrx_word' id='word_1_83' title='bbox 363 1132 534 1174; x_wconf 86' lang='lat' dir='ltr'><strong>perque</strong></span> <span class='ocrx_word' id='word_1_84' title='bbox 575 1119 748 1174; x_wconf 85' lang='lat' dir='ltr'><strong>legatos</strong></span> <span class='ocrx_word' id='word_1_85' title='bbox 791 1120 1050 1162; x_wconf 85' lang='lat' dir='ltr'><strong>sciscitatus</strong></span> <span class='ocrx_word' id='word_1_86' title='bbox 1087 1123 1173 1170; x_wconf 86' lang='lat' dir='ltr'><strong>est,</strong></span> <span class='ocrx_word' id='word_1_87' title='bbox 1194 1122 1415 1174; x_wconf 81' lang='lat' dir='ltr'><strong>‘quonam</strong></span> <span class='ocrx_word' id='word_1_88' title='bbox 1449 1118 1584 1162; x_wconf 88' lang='lat' dir='ltr'><strong>modo</strong></span> <span class='ocrx_word' id='word_1_89' title='bbox 1618 1118 1730 1162; x_wconf 88' lang='lat' dir='ltr'><strong>illud</strong></span> 
     </span>
     <span class='ocr_line' id='line_1_14' title="bbox 257 1187 1733 1244; baseline 0.001 -14"><span class='ocrx_word' id='word_1_90' title='bbox 257 1192 347 1230; x_wconf 88' lang='lat' dir='ltr'><strong>tam</strong></span> <span class='ocrx_word' id='word_1_91' title='bbox 368 1201 503 1242; x_wconf 86' lang='lat' dir='ltr'><strong>grave</strong></span> <span class='ocrx_word' id='word_1_92' title='bbox 533 1188 700 1230; x_wconf 91' lang='lat' dir='ltr'><strong>bellum</strong></span> <span class='ocrx_word' id='word_1_93' title='bbox 736 1189 903 1231; x_wconf 83' lang='lat' dir='ltr'><strong>discuti</strong></span> <span class='ocrx_word' id='word_1_94' title='bbox 934 1187 1110 1244; x_wconf 59' lang='lat' dir='ltr'><strong>posset?</strong></span> <span class='ocrx_word' id='word_1_95' title='bbox 1169 1187 1430 1243; x_wconf 83' lang='lat' dir='ltr'><strong>Respondit</strong></span> <span class='ocrx_word' id='word_1_96' title='bbox 1465 1188 1609 1240; x_wconf 88' lang='lat' dir='ltr'><strong>Deus,</strong></span> <span class='ocrx_word' id='word_1_97' title='bbox 1632 1187 1733 1231; x_wconf 84' lang='lat' dir='ltr'><strong>‘lta</strong></span> 
     </span>
     <span class='ocr_line' id='line_1_15' title="bbox 257 1249 1733 1312; baseline 0.001 -14"><span class='ocrx_word' id='word_1_98' title='bbox 257 1255 392 1298; x_wconf 90' lang='lat' dir='ltr'><strong>finem</strong></span> <span class='ocrx_word' id='word_1_99' title='bbox 414 1249 455 1298; x_wconf 90' lang='lat' dir='ltr'><strong>ci</strong></span> <span class='ocrx_word' id='word_1_100' title='bbox 476 1257 588 1307; x_wconf 86' lang='lat' dir='ltr'><strong>fore,</strong></span> <span class='ocrx_word' id='word_1_101' title='bbox 609 1258 647 1299; x_wconf 92' lang='lat' dir='ltr'><strong>si</strong></span> <span class='ocrx_word' id='word_1_102' title='bbox 667 1258 766 1312; x_wconf 85' lang='lat' dir='ltr'><strong>ipse</strong></span> <span class='ocrx_word' id='word_1_103' title='bbox 795 1258 947 1300; x_wconf 90' lang='lat' dir='ltr'><strong>hostili</strong></span> <span class='ocrx_word' id='word_1_104' title='bbox 976 1270 1109 1299; x_wconf 81' lang='lat' dir='ltr'><strong>manu</strong></span> <span class='ocrx_word' id='word_1_105' title='bbox 1142 1256 1416 1300; x_wconf 63' lang='lat' dir='ltr'><strong>occidisset?</strong></span> <span class='ocrx_word' id='word_1_106' title='bbox 1471 1255 1612 1309; x_wconf 35' lang='lat' dir='ltr'><strong>‘Quod</strong></span> <span class='ocrx_word' id='word_1_107' title='bbox 1633 1256 1733 1312; x_wconf 91' lang='lat' dir='ltr'><strong>qui-</strong></span> 
     </span>
     <span class='ocr_line' id='line_1_16' title="bbox 259 1324 1732 1383; baseline 0 -17"><span class='ocrx_word' id='word_1_108' title='bbox 259 1324 359 1366; x_wconf 88' lang='lat' dir='ltr'><strong>dem</strong></span> <span class='ocrx_word' id='word_1_109' title='bbox 390 1338 476 1366; x_wconf 91' lang='lat' dir='ltr'><strong>non</strong></span> <span class='ocrx_word' id='word_1_110' title='bbox 505 1325 649 1367; x_wconf 86' lang='lat' dir='ltr'><strong>solum</strong></span> <span class='ocrx_word' id='word_1_111' title='bbox 682 1326 789 1368; x_wconf 89' lang='lat' dir='ltr'><strong>totis</strong></span> <span class='ocrx_word' id='word_1_112' title='bbox 824 1324 1163 1383; x_wconf 73' lang='lat' dir='ltr'><strong>Atheniensium</strong></span> <span class='ocrx_word' id='word_1_113' title='bbox 1194 1324 1242 1367; x_wconf 86' lang='lat' dir='ltr'><strong>in</strong></span> <span class='ocrx_word' id='word_1_114' title='bbox 1278 1326 1453 1377; x_wconf 83' lang='lat' dir='ltr'><strong>castris,</strong></span> <span class='ocrx_word' id='word_1_115' title='bbox 1487 1324 1566 1368; x_wconf 88' lang='lat' dir='ltr'><strong>sed</strong></span> <span class='ocrx_word' id='word_1_116' title='bbox 1598 1326 1732 1367; x_wconf 81' lang='lat' dir='ltr'><strong>etiam</strong></span> 
     </span>
     <span class='ocr_line' id='line_1_17' title="bbox 259 1393 1734 1450; baseline 0 -15"><span class='ocrx_word' id='word_1_117' title='bbox 259 1393 493 1436; x_wconf 87' lang='lat' dir='ltr'><strong>contrariis</strong></span> <span class='ocrx_word' id='word_1_118' title='bbox 510 1399 543 1426; x_wconf 82' lang='lat'><strong>³⁹</strong></span> <span class='ocrx_word' id='word_1_119' title='bbox 573 1395 837 1448; x_wconf 84' lang='lat' dir='ltr'><strong>percrebuit.</strong></span> <span class='ocrx_word' id='word_1_120' title='bbox 899 1395 1058 1450; x_wconf 88' lang='lat' dir='ltr'><strong>quue</strong></span> <span class='ocrx_word' id='word_1_121' title='bbox 1092 1395 1254 1437; x_wconf 85' lang='lat' dir='ltr'><strong>factum</strong></span> <span class='ocrx_word' id='word_1_122' title='bbox 1285 1399 1370 1445; x_wconf 89' lang='lat' dir='ltr'><strong>est,</strong></span> <span class='ocrx_word' id='word_1_123' title='bbox 1393 1399 1445 1436; x_wconf 87' lang='lat' dir='ltr'><strong>ut</strong></span> <span class='ocrx_word' id='word_1_124' title='bbox 1473 1394 1734 1444; x_wconf 81' lang='lat' dir='ltr'><strong>ediceretur,</strong></span> 
     </span>
     <span class='ocr_line' id='line_1_18' title="bbox 260 1462 1733 1519; baseline 0.001 -16"><span class='ocrx_word' id='word_1_125' title='bbox 260 1466 273 1483; x_wconf 90' lang='lat'>‘</span> <span class='ocrx_word' id='word_1_126' title='bbox 295 1475 349 1504; x_wconf 90' lang='lat' dir='ltr'><strong>ne</strong></span> <span class='ocrx_word' id='word_1_127' title='bbox 371 1463 471 1518; x_wconf 90' lang='lat' dir='ltr'><strong>quis</strong></span> <span class='ocrx_word' id='word_1_128' title='bbox 493 1462 630 1505; x_wconf 90' lang='lat' dir='ltr'><strong>Codri</strong></span> <span class='ocrx_word' id='word_1_129' title='bbox 661 1477 828 1519; x_wconf 86' lang='lat' dir='ltr'><strong>corpus</strong></span> <span class='ocrx_word' id='word_1_130' title='bbox 847 1463 1166 1507; x_wconf 59' lang='lat' dir='ltr'><strong>vulneraretlw</strong></span> <span class='ocrx_word' id='word_1_131' title='bbox 1225 1463 1278 1506; x_wconf 90' lang='lat' dir='ltr'><strong>Id</strong></span> <span class='ocrx_word' id='word_1_132' title='bbox 1307 1468 1548 1519; x_wconf 81' lang='lat' dir='ltr'><strong>postquam</strong></span> <span class='ocrx_word' id='word_1_133' title='bbox 1570 1475 1733 1518; x_wconf 87' lang='lat' dir='ltr'><strong>cogno—</strong></span> 
     </span>
    </p>
   </div>
   <div class='ocr_carea' id='block_1_5' title="bbox 876 1573 1120 1586">
    <p class='ocr_par' dir='ltr' id='par_1_5' title="bbox 876 1573 1120 1586">
     <span class='ocr_line' id='line_1_19' title="bbox 876 1573 1120 1586; baseline 0 -1"><span class='ocrx_word' id='word_1_134' title='bbox 876 1573 1120 1586; x_wconf 43' lang='lat' dir='ltr'><strong>“Mb-‘mol‘</strong></span> 
     </span>
    </p>
   </div>
   <div class='ocr_carea' id='block_1_6' title="bbox 258 1633 1739 2327">
    <p class='ocr_par' dir='ltr' id='par_1_6' title="bbox 258 1633 1739 2327">
     <span class='ocr_line' id='line_1_20' title="bbox 258 1633 1737 1678; baseline 0.001 -12"><span class='ocrx_word' id='word_1_135' title='bbox 258 1635 446 1668; x_wconf 87' lang='lat' dir='ltr'><strong>tuorcodd.</strong></span> <span class='ocrx_word' id='word_1_136' title='bbox 456 1637 599 1668; x_wconf 78' lang='lat' dir='ltr'><strong>&#39;ron-en.</strong></span> <span class='ocrx_word' id='word_1_137' title='bbox 608 1638 765 1669; x_wconf 78' lang='lat' dir='ltr'><strong>detulisse.</strong></span> <span class='ocrx_word' id='word_1_138' title='bbox 769 1639 874 1669; x_wconf 80' lang='lat'><strong>——36‘</strong></span> <span class='ocrx_word' id='word_1_139' title='bbox 882 1637 952 1678; x_wconf 76' lang='lat' dir='ltr'><strong>Sep</strong></span> <span class='ocrx_word' id='word_1_140' title='bbox 957 1640 1025 1669; x_wconf 87' lang='lat' dir='ltr'><strong>tem</strong></span> <span class='ocrx_word' id='word_1_141' title='bbox 1037 1637 1125 1669; x_wconf 84' lang='lat' dir='ltr'><strong>Mss.</strong></span> <span class='ocrx_word' id='word_1_142' title='bbox 1134 1636 1307 1678; x_wconf 56' lang='lat' dir='ltr'><strong>etMogaJ</strong></span> <span class='ocrx_word' id='word_1_143' title='bbox 1309 1637 1396 1669; x_wconf 82' lang='lat' dir='ltr'><strong>und..</strong></span> <span class='ocrx_word' id='word_1_144' title='bbox 1398 1633 1601 1673; x_wconf 22' lang='lat' dir='ltr'><strong>&amp;debebatur</strong></span> <span class='ocrx_word' id='word_1_145' title='bbox 1609 1635 1737 1676; x_wconf 77' lang='lat' dir='ltr'><strong>Copes.</strong></span> 
     </span>
     <span class='ocr_line' id='line_1_21' title="bbox 260 1647 1735 1722; baseline 0.001 -14"><span class='ocrx_word' id='word_1_146' title='bbox 260 1679 468 1711; x_wconf 83' lang='lat' dir='ltr'><strong>ettredecim</strong></span> <span class='ocrx_word' id='word_1_147' title='bbox 482 1680 628 1712; x_wconf 90' lang='lat' dir='ltr'><strong>aliicum</strong></span> <span class='ocrx_word' id='word_1_148' title='bbox 640 1681 721 1713; x_wconf 84' lang='lat' dir='ltr'><strong>Vet.</strong></span> <span class='ocrx_word' id='word_1_149' title='bbox 732 1684 768 1712; x_wconf 87' lang='lat' dir='ltr'><strong>et</strong></span> <span class='ocrx_word' id='word_1_150' title='bbox 779 1681 875 1722; x_wconf 86' lang='lat' dir='ltr'><strong>Mog.</strong></span> <span class='ocrx_word' id='word_1_151' title='bbox 889 1682 1061 1720; x_wconf 73' lang='lat' dir='ltr'><strong>expletum.</strong></span> <span class='ocrx_word' id='word_1_152' title='bbox 1078 1680 1208 1712; x_wconf 85' lang='lat' dir='ltr'><strong>Br.and</strong></span> <span class='ocrx_word' id='word_1_153' title='bbox 1219 1647 1307 1712; x_wconf 73' lang='lat' dir='ltr'><strong>Vetq</strong></span> <span class='ocrx_word' id='word_1_154' title='bbox 1315 1679 1395 1711; x_wconf 83' lang='lat' dir='ltr'><strong>Ald.</strong></span> <span class='ocrx_word' id='word_1_155' title='bbox 1403 1680 1642 1722; x_wconf 62' lang='lat' dir='ltr'><strong>aliaequonnte</strong></span> <span class='ocrx_word' id='word_1_156' title='bbox 1653 1678 1735 1720; x_wconf 76' lang='lat' dir='ltr'><strong>Pig-</strong></span> 
     </span>
     <span class='ocr_line' id='line_1_22' title="bbox 258 1721 1735 1765; baseline 0.002 -14"><span class='ocrx_word' id='word_1_157' title='bbox 258 1722 351 1753; x_wconf 77' lang='lat' dir='ltr'><strong>liium</strong></span> <span class='ocrx_word' id='word_1_158' title='bbox 366 1732 425 1763; x_wconf 80' lang='lat' dir='ltr'><strong>pro</strong></span> <span class='ocrx_word' id='word_1_159' title='bbox 438 1723 593 1754; x_wconf 80' lang='lat' dir='ltr'><strong>obsidume</strong></span> <span class='ocrx_word' id='word_1_160' title='bbox 619 1723 711 1765; x_wconf 86' lang='lat' dir='ltr'><strong>quod</strong></span> <span class='ocrx_word' id='word_1_161' title='bbox 738 1724 888 1755; x_wconf 79' lang='lat' dir='ltr'><strong>restitui</strong></span> <span class='ocrx_word' id='word_1_162' title='bbox 914 1723 1098 1755; x_wconf 76' lang='lat' dir='ltr'><strong>Tenemus</strong></span> <span class='ocrx_word' id='word_1_163' title='bbox 1130 1724 1251 1755; x_wconf 84' lang='lat' dir='ltr'><strong>malit:</strong></span> <span class='ocrx_word' id='word_1_164' title='bbox 1278 1723 1372 1759; x_wconf 74' lang='lat' dir='ltr'><strong>Quod</strong></span> <span class='ocrx_word' id='word_1_165' title='bbox 1389 1723 1494 1755; x_wconf 74' lang='lat' dir='ltr'><strong>Gallis</strong></span> <span class='ocrx_word' id='word_1_166' title='bbox 1504 1731 1563 1764; x_wconf 78' lang='lat' dir='ltr'><strong>pro</strong></span> <span class='ocrx_word' id='word_1_167' title='bbox 1578 1721 1735 1754; x_wconf 67' lang='lat' dir='ltr'><strong>obsidem</strong></span> 
     </span>
     <span class='ocr_line' id='line_1_23' title="bbox 263 1764 1736 1808; baseline 0.001 -13"><span class='ocrx_word' id='word_1_168' title='bbox 263 1765 416 1806; x_wconf 71' lang='lat' dir='ltr'><strong>Capitolii</strong></span> <span class='ocrx_word' id='word_1_169' title='bbox 430 1766 542 1798; x_wconf 77' lang='lat' dir='ltr'><strong>omissa</strong></span> <span class='ocrx_word' id='word_1_170' title='bbox 555 1766 736 1798; x_wconf 80' lang='lat' dir='ltr'><strong>debebatur.</strong></span> <span class='ocrx_word' id='word_1_171' title='bbox 762 1767 847 1798; x_wconf 85' lang='lat' dir='ltr'><strong>Mihi</strong></span> <span class='ocrx_word' id='word_1_172' title='bbox 865 1766 979 1808; x_wconf 87' lang='lat' dir='ltr'><strong>potins</strong></span> <span class='ocrx_word' id='word_1_173' title='bbox 995 1767 1111 1807; x_wconf 84' lang='lat' dir='ltr'><strong>placet</strong></span> <span class='ocrx_word' id='word_1_174' title='bbox 1128 1766 1233 1798; x_wconf 86' lang='lat' dir='ltr'><strong>lectio</strong></span> <span class='ocrx_word' id='word_1_175' title='bbox 1249 1766 1346 1806; x_wconf 84' lang='lat' dir='ltr'><strong>Mog.</strong></span> <span class='ocrx_word' id='word_1_176' title='bbox 1363 1767 1442 1806; x_wconf 74' lang='lat' dir='ltr'><strong>quod</strong></span> <span class='ocrx_word' id='word_1_177' title='bbox 1456 1766 1563 1798; x_wconf 77' lang='lat' dir='ltr'><strong>Gallis</strong></span> <span class='ocrx_word' id='word_1_178' title='bbox 1576 1775 1633 1806; x_wconf 82' lang='lat' dir='ltr'><strong>pro</strong></span> <span class='ocrx_word' id='word_1_179' title='bbox 1653 1764 1736 1797; x_wconf 76' lang='lat' dir='ltr'><strong>obei-</strong></span> 
     </span>
     <span class='ocr_line' id='line_1_24' title="bbox 259 1807 1736 1850; baseline 0.001 -12"><span class='ocrx_word' id='word_1_180' title='bbox 259 1807 352 1840; x_wconf 80' lang='lat' dir='ltr'><strong>dione</strong></span> <span class='ocrx_word' id='word_1_181' title='bbox 365 1809 678 1850; x_wconf 74' lang='lat' dir='ltr'><strong>Capitoliipromisso</strong></span> <span class='ocrx_word' id='word_1_182' title='bbox 693 1809 871 1848; x_wconf 77' lang='lat' dir='ltr'><strong>debebatur,</strong></span> <span class='ocrx_word' id='word_1_183' title='bbox 887 1819 992 1840; x_wconf 78' lang='lat' dir='ltr'><strong>earum</strong></span> <span class='ocrx_word' id='word_1_184' title='bbox 1007 1810 1094 1841; x_wconf 79' lang='lat' dir='ltr'><strong>cultu</strong></span> <span class='ocrx_word' id='word_1_185' title='bbox 1107 1811 1274 1850; x_wconf 71' lang='lat' dir='ltr'><strong>expletum.</strong></span> <span class='ocrx_word' id='word_1_186' title='bbox 1300 1809 1476 1848; x_wconf 71' lang='lat' dir='ltr'><strong>Promisso,</strong></span> <span class='ocrx_word' id='word_1_187' title='bbox 1501 1809 1524 1840; x_wconf 91' lang='lat' dir='ltr'><strong>i.</strong></span> <span class='ocrx_word' id='word_1_188' title='bbox 1548 1818 1580 1840; x_wconf 86' lang='lat' dir='ltr'><strong>e.</strong></span> <span class='ocrx_word' id='word_1_189' title='bbox 1596 1818 1640 1840; x_wconf 77' lang='lat' dir='ltr'><strong>ex</strong></span> <span class='ocrx_word' id='word_1_190' title='bbox 1656 1817 1736 1849; x_wconf 86' lang='lat' dir='ltr'><strong>pro-</strong></span> 
     </span>
     <span class='ocr_line' id='line_1_25' title="bbox 260 1850 1737 1894; baseline 0.001 -12"><span class='ocrx_word' id='word_1_191' title='bbox 260 1851 363 1882; x_wconf 85' lang='lat' dir='ltr'><strong>misso</strong></span> <span class='ocrx_word' id='word_1_192' title='bbox 378 1852 483 1883; x_wconf 86' lang='lat' dir='ltr'><strong>habet</strong></span> <span class='ocrx_word' id='word_1_193' title='bbox 495 1862 630 1894; x_wconf 87' lang='lat' dir='ltr'><strong>quoque</strong></span> <span class='ocrx_word' id='word_1_194' title='bbox 641 1852 696 1885; x_wconf 86' lang='lat' dir='ltr'><strong>ed.</strong></span> <span class='ocrx_word' id='word_1_195' title='bbox 710 1852 1154 1894; x_wconf 75' lang='lat' dir='ltr'><strong>Lips.apnd&#39;1&#39;hannerum</strong></span> <span class='ocrx_word' id='word_1_196' title='bbox 1170 1854 1363 1894; x_wconf 77' lang='lat' dir='ltr'><strong>Kapp.—37</strong></span> <span class='ocrx_word' id='word_1_197' title='bbox 1376 1853 1464 1884; x_wconf 86' lang='lat' dir='ltr'><strong>Tres</strong></span> <span class='ocrx_word' id='word_1_198' title='bbox 1477 1850 1576 1884; x_wconf 87' lang='lat' dir='ltr'><strong>codd.</strong></span> <span class='ocrx_word' id='word_1_199' title='bbox 1588 1861 1664 1883; x_wconf 88' lang='lat' dir='ltr'><strong>cum</strong></span> <span class='ocrx_word' id='word_1_200' title='bbox 1680 1850 1737 1884; x_wconf 79' lang='lat' dir='ltr'><strong>ed.</strong></span> 
     </span>
     <span class='ocr_line' id='line_1_26' title="bbox 262 1893 1738 1937; baseline 0.002 -13"><span class='ocrx_word' id='word_1_201' title='bbox 262 1893 360 1935; x_wconf 87' lang='lat' dir='ltr'><strong>Lips</strong></span> <span class='ocrx_word' id='word_1_202' title='bbox 375 1894 446 1935; x_wconf 79' lang='lat' dir='ltr'><strong>Age</strong></span> <span class='ocrx_word' id='word_1_203' title='bbox 458 1899 606 1935; x_wconf 77' lang='lat' dir='ltr'><strong>externa,</strong></span> <span class='ocrx_word' id='word_1_204' title='bbox 618 1895 760 1927; x_wconf 75' lang='lat' dir='ltr'><strong>totidem</strong></span> <span class='ocrx_word' id='word_1_205' title='bbox 771 1895 818 1927; x_wconf 83' lang='lat' dir='ltr'><strong>At</strong></span> <span class='ocrx_word' id='word_1_206' title='bbox 828 1900 971 1932; x_wconf 83' lang='lat' dir='ltr'><strong>externa,</strong></span> <span class='ocrx_word' id='word_1_207' title='bbox 985 1895 1051 1927; x_wconf 89' lang='lat' dir='ltr'><strong>duo</strong></span> <span class='ocrx_word' id='word_1_208' title='bbox 1062 1907 1079 1926; x_wconf 73' lang='grc' dir='ltr'><strong>ι·</strong></span> <span class='ocrx_word' id='word_1_209' title='bbox 1084 1906 1138 1927; x_wconf 90' lang='lat' dir='ltr'><strong>um</strong></span> <span class='ocrx_word' id='word_1_210' title='bbox 1152 1897 1247 1937; x_wconf 86' lang='lat' dir='ltr'><strong>Mog.</strong></span> <span class='ocrx_word' id='word_1_211' title='bbox 1265 1895 1348 1928; x_wconf 79' lang='lat' dir='ltr'><strong>Sunt</strong></span> <span class='ocrx_word' id='word_1_212' title='bbox 1358 1899 1388 1927; x_wconf 77' lang='lat' dir='ltr'><strong>et</strong></span> <span class='ocrx_word' id='word_1_213' title='bbox 1401 1898 1544 1932; x_wconf 75' lang='lat' dir='ltr'><strong>externa,</strong></span> <span class='ocrx_word' id='word_1_214' title='bbox 1561 1904 1653 1929; x_wconf 82' lang='lat' dir='ltr'><strong>unus</strong></span> <span class='ocrx_word' id='word_1_215' title='bbox 1663 1893 1738 1935; x_wconf 78' lang='lat' dir='ltr'><strong>Age</strong></span> 
     </span>
     <span class='ocr_line' id='line_1_27' title="bbox 262 1938 1738 1981; baseline 0.001 -13"><span class='ocrx_word' id='word_1_216' title='bbox 262 1941 334 1968; x_wconf 74' lang='lat' dir='ltr'><strong>sunt</strong></span> <span class='ocrx_word' id='word_1_217' title='bbox 350 1942 497 1978; x_wconf 74' lang='lat' dir='ltr'><strong>externa,</strong></span> <span class='ocrx_word' id='word_1_218' title='bbox 510 1938 679 1970; x_wconf 67' lang='lat' dir='ltr'><strong>tredecim</strong></span> <span class='ocrx_word' id='word_1_219' title='bbox 706 1948 783 1971; x_wconf 87' lang='lat' dir='ltr'><strong>cum</strong></span> <span class='ocrx_word' id='word_1_220' title='bbox 807 1940 902 1981; x_wconf 83' lang='lat' dir='ltr'><strong>Mog.</strong></span> <span class='ocrx_word' id='word_1_221' title='bbox 925 1939 1089 1970; x_wconf 77' lang='lat' dir='ltr'><strong>omittunt</strong></span> <span class='ocrx_word' id='word_1_222' title='bbox 1111 1939 1281 1979; x_wconf 74' lang='lat' dir='ltr'><strong>attingam.</strong></span> <span class='ocrx_word' id='word_1_223' title='bbox 1305 1939 1407 1971; x_wconf 86' lang='lat' dir='ltr'><strong>Unde</strong></span> <span class='ocrx_word' id='word_1_224' title='bbox 1421 1938 1607 1970; x_wconf 67' lang='lat' dir='ltr'><strong>Torrentius</strong></span> <span class='ocrx_word' id='word_1_225' title='bbox 1624 1942 1738 1979; x_wconf 74' lang='lat' dir='ltr'><strong>purat,</strong></span> 
     </span>
     <span class='ocr_line' id='line_1_28' title="bbox 262 1962 1739 2023; baseline 0.001 -12"><span class='ocrx_word' id='word_1_226' title='bbox 262 1980 463 2022; x_wconf 83' lang='lat' dir='ltr'><strong>legendum.</strong></span> <span class='ocrx_word' id='word_1_227' title='bbox 488 1962 575 2022; x_wconf 67' lang='lat' dir='ltr'><strong>&#39;Age,</strong></span> <span class='ocrx_word' id='word_1_228' title='bbox 585 1985 655 2013; x_wconf 77' lang='lat' dir='ltr'><strong>sunt</strong></span> <span class='ocrx_word' id='word_1_229' title='bbox 669 1985 698 2013; x_wconf 80' lang='lat' dir='ltr'><strong>et</strong></span> <span class='ocrx_word' id='word_1_230' title='bbox 707 1986 861 2015; x_wconf 76' lang='lat' dir='ltr'><strong>externa.</strong></span> <span class='ocrx_word' id='word_1_231' title='bbox 897 1983 1073 2023; x_wconf 80' lang='lat' dir='ltr'><strong>.exempl‹1</strong></span> <span class='ocrx_word' id='word_1_232' title='bbox 1075 1985 1162 2014; x_wconf 76' lang='lat'>——38</span> <span class='ocrx_word' id='word_1_233' title='bbox 1179 1982 1323 2014; x_wconf 76' lang='lat' dir='ltr'><strong>Matrica</strong></span> <span class='ocrx_word' id='word_1_234' title='bbox 1332 1982 1420 2021; x_wconf 78' lang='lat' dir='ltr'><strong>regio</strong></span> <span class='ocrx_word' id='word_1_235' title='bbox 1432 1982 1467 2013; x_wconf 79' lang='lat' dir='ltr'><strong>in</strong></span> <span class='ocrx_word' id='word_1_236' title='bbox 1477 1981 1572 2013; x_wconf 82' lang='lat' dir='ltr'><strong>Dan.</strong></span> <span class='ocrx_word' id='word_1_237' title='bbox 1583 1986 1624 2013; x_wconf 71' lang='lat' dir='ltr'><strong>et</strong></span> <span class='ocrx_word' id='word_1_238' title='bbox 1640 1981 1739 2014; x_wconf 71' lang='lat' dir='ltr'><strong>Leid.</strong></span> 
     </span>
     <span class='ocr_line' id='line_1_29' title="bbox 261 2024 1737 2075; baseline 0.001 -20"><span class='ocrx_word' id='word_1_239' title='bbox 261 2027 294 2055; x_wconf 80' lang='grc'><strong>7.</strong></span> <span class='ocrx_word' id='word_1_240' title='bbox 326 2024 386 2056; x_wconf 84' lang='lat' dir='ltr'><strong>sed</strong></span> <span class='ocrx_word' id='word_1_241' title='bbox 402 2024 459 2056; x_wconf 81' lang='lat' dir='ltr'><strong>hic</strong></span> <span class='ocrx_word' id='word_1_242' title='bbox 474 2025 515 2056; x_wconf 83' lang='lat' dir='ltr'><strong><em>M</em></strong></span> <span class='ocrx_word' id='word_1_243' title='bbox 528 2030 738 2066; x_wconf 79' lang='lat' dir='ltr'><strong>expunctum</strong></span> <span class='ocrx_word' id='word_1_244' title='bbox 755 2031 819 2058; x_wconf 75' lang='lat' dir='ltr'><strong>esi.</strong></span> <span class='ocrx_word' id='word_1_245' title='bbox 859 2026 942 2058; x_wconf 84' lang='lat' dir='ltr'><strong>Mox</strong></span> <span class='ocrx_word' id='word_1_246' title='bbox 958 2036 1016 2067; x_wconf 83' lang='lat' dir='ltr'><strong>que</strong></span> <span class='ocrx_word' id='word_1_247' title='bbox 1030 2026 1132 2057; x_wconf 77' lang='lat' dir='ltr'><strong>deest</strong></span> <span class='ocrx_word' id='word_1_248' title='bbox 1146 2024 1244 2057; x_wconf 79' lang='lat' dir='ltr'><strong>fere·</strong></span> <span class='ocrx_word' id='word_1_249' title='bbox 1235 2035 1269 2057; x_wconf 87' lang='lat' dir='ltr'>m</span> <span class='ocrx_word' id='word_1_250' title='bbox 1286 2026 1440 2057; x_wconf 81' lang='lat' dir='ltr'><strong>omnibus</strong></span> <span class='ocrx_word' id='word_1_251' title='bbox 1457 2024 1644 2057; x_wconf 78' lang='lat' dir='ltr'><strong>Codioibns</strong></span> <span class='ocrx_word' id='word_1_252' title='bbox 1654 2034 1737 2075; x_wconf 63' lang='grc' dir='ltr'><strong>(ψο-</strong></span> 
     </span>
     <span class='ocr_line' id='line_1_30' title="bbox 264 2067 1737 2119; baseline 0.001 -21"><span class='ocrx_word' id='word_1_253' title='bbox 264 2077 338 2098; x_wconf 85' lang='lat' dir='ltr'><strong>rum</strong></span> <span class='ocrx_word' id='word_1_254' title='bbox 356 2068 459 2110; x_wconf 79' lang='lat' dir='ltr'><strong>aliqui</strong></span> <span class='ocrx_word' id='word_1_255' title='bbox 475 2067 703 2107; x_wconf 71' lang='lat' dir='ltr'><strong>liabentferro</strong></span> <span class='ocrx_word' id='word_1_256' title='bbox 718 2072 746 2099; x_wconf 69' lang='lat' dir='ltr'><strong>et</strong></span> <span class='ocrx_word' id='word_1_257' title='bbox 760 2069 846 2108; x_wconf 62' lang='lat' dir='ltr'><strong>igni,</strong></span> <span class='ocrx_word' id='word_1_258' title='bbox 860 2069 998 2111; x_wconf 78' lang='lat' dir='ltr'><strong>quidam</strong></span> <span class='ocrx_word' id='word_1_259' title='bbox 1014 2072 1046 2100; x_wconf 76' lang='lat' dir='ltr'><strong>rt</strong></span> <span class='ocrx_word' id='word_1_260' title='bbox 1057 2069 1356 2119; x_wconf 82' lang='lat' dir='ltr'><strong>superscriptum3</strong></span> <span class='ocrx_word' id='word_1_261' title='bbox 1379 2068 1441 2100; x_wconf 84' lang='lat' dir='ltr'><strong>sed</strong></span> <span class='ocrx_word' id='word_1_262' title='bbox 1455 2068 1575 2109; x_wconf 69' lang='lat' dir='ltr'><strong>plumes</strong></span> <span class='ocrx_word' id='word_1_263' title='bbox 1598 2067 1737 2100; x_wconf 86' lang='lat' dir='ltr'><strong>omnino</strong></span> 
     </span>
     <span class='ocr_line' id='line_1_31' title="bbox 262 2111 1737 2154; baseline 0 -12"><span class='ocrx_word' id='word_1_264' title='bbox 262 2111 440 2150; x_wconf 83' lang='lat' dir='ltr'><strong>omittunt,</strong></span> <span class='ocrx_word' id='word_1_265' title='bbox 462 2116 501 2143; x_wconf 88' lang='lat' dir='ltr'><strong>ut</strong></span> <span class='ocrx_word' id='word_1_266' title='bbox 526 2111 610 2143; x_wconf 75' lang='lat' dir='ltr'><strong>facit</strong></span> <span class='ocrx_word' id='word_1_267' title='bbox 631 2113 736 2144; x_wconf 86' lang='lat' dir='ltr'><strong>etiam</strong></span> <span class='ocrx_word' id='word_1_268' title='bbox 762 2113 857 2152; x_wconf 75' lang='lat' dir='ltr'><strong>Mag.</strong></span> <span class='ocrx_word' id='word_1_269' title='bbox 893 2113 978 2143; x_wconf 80' lang='lat' dir='ltr'><strong>Tum</strong></span> <span class='ocrx_word' id='word_1_270' title='bbox 1004 2112 1163 2154; x_wconf 80' lang='lat' dir='ltr'><strong>plerique</strong></span> <span class='ocrx_word' id='word_1_271' title='bbox 1186 2113 1308 2153; x_wconf 85' lang='lat' dir='ltr'><strong>scripti</strong></span> <span class='ocrx_word' id='word_1_272' title='bbox 1324 2116 1389 2144; x_wconf 83' lang='lat' dir='ltr'><strong>tam</strong></span> <span class='ocrx_word' id='word_1_273' title='bbox 1401 2121 1502 2152; x_wconf 62' lang='lat' dir='ltr'><strong>grave</strong></span> <span class='ocrx_word' id='word_1_274' title='bbox 1517 2111 1598 2143; x_wconf 63' lang='lat' dir='ltr'><strong>uhta</strong></span> <span class='ocrx_word' id='word_1_275' title='bbox 1608 2111 1737 2151; x_wconf 73' lang='lat' dir='ltr'><strong>bellum,</strong></span> 
     </span>
     <span class='ocr_line' id='line_1_32' title="bbox 262 2154 1738 2197; baseline 0.001 -13"><span class='ocrx_word' id='word_1_276' title='bbox 262 2163 339 2185; x_wconf 82' lang='lat' dir='ltr'><strong>cum</strong></span> <span class='ocrx_word' id='word_1_277' title='bbox 350 2154 474 2186; x_wconf 59' lang='lat' dir='ltr'><strong>(adem</strong></span> <span class='ocrx_word' id='word_1_278' title='bbox 491 2155 654 2186; x_wconf 81' lang='lat' dir='ltr'><strong>editione.</strong></span> <span class='ocrx_word' id='word_1_279' title='bbox 657 2158 743 2187; x_wconf 77' lang='lat'><strong>—39</strong></span> <span class='ocrx_word' id='word_1_280' title='bbox 766 2155 822 2186; x_wconf 75' lang='lat' dir='ltr'><strong>Ita</strong></span> <span class='ocrx_word' id='word_1_281' title='bbox 838 2160 973 2187; x_wconf 73' lang='lat' dir='ltr'><strong>veteres</strong></span> <span class='ocrx_word' id='word_1_282' title='bbox 989 2155 1081 2197; x_wconf 80' lang='lat' dir='ltr'><strong>typis</strong></span> <span class='ocrx_word' id='word_1_283' title='bbox 1094 2156 1264 2196; x_wconf 73' lang='lat' dir='ltr'><strong>expressi,</strong></span> <span class='ocrx_word' id='word_1_284' title='bbox 1280 2162 1317 2187; x_wconf 85' lang='lat' dir='ltr'><strong>et</strong></span> <span class='ocrx_word' id='word_1_285' title='bbox 1331 2159 1475 2196; x_wconf 67' lang='lat' dir='ltr'><strong>uterque</strong></span> <span class='ocrx_word' id='word_1_286' title='bbox 1489 2155 1595 2186; x_wconf 73' lang='lat' dir='ltr'><strong>etium</strong></span> <span class='ocrx_word' id='word_1_287' title='bbox 1606 2154 1738 2187; x_wconf 67' lang='lat' dir='ltr'><strong>Brund.</strong></span> 
     </span>
     <span class='ocr_line' id='line_1_33' title="bbox 263 2196 1739 2239; baseline 0.001 -11"><span class='ocrx_word' id='word_1_288' title='bbox 263 2196 405 2238; x_wconf 79' lang='lat' dir='ltr'><strong>Pighius</strong></span> <span class='ocrx_word' id='word_1_289' title='bbox 419 2207 439 2229; x_wconf 85' lang='lat' dir='ltr'><strong>e</strong></span> <span class='ocrx_word' id='word_1_290' title='bbox 455 2197 590 2230; x_wconf 75' lang='lat' dir='ltr'><strong>duobus</strong></span> <span class='ocrx_word' id='word_1_291' title='bbox 606 2198 707 2230; x_wconf 85' lang='lat' dir='ltr'><strong>codd.</strong></span> <span class='ocrx_word' id='word_1_292' title='bbox 722 2199 924 2239; x_wconf 82' lang='lat' dir='ltr'><strong>scripserat,</strong></span> <span class='ocrx_word' id='word_1_293' title='bbox 942 2209 1007 2230; x_wconf 66' lang='lat' dir='ltr'><strong>:mn</strong></span> <span class='ocrx_word' id='word_1_294' title='bbox 1021 2200 1118 2230; x_wconf 75' lang='lat' dir='ltr'><strong>solum</strong></span> <span class='ocrx_word' id='word_1_295' title='bbox 1133 2199 1212 2231; x_wconf 77' lang='lat' dir='ltr'><strong>totis</strong></span> <span class='ocrx_word' id='word_1_296' title='bbox 1225 2199 1373 2239; x_wconf 66' lang='lat' dir='ltr'><strong>Athenis,</strong></span> <span class='ocrx_word' id='word_1_297' title='bbox 1395 2200 1451 2231; x_wconf 72' lang='lat' dir='ltr'><strong>aed</strong></span> <span class='ocrx_word' id='word_1_298' title='bbox 1464 2199 1499 2230; x_wconf 70' lang='lat' dir='ltr'><strong>iu</strong></span> <span class='ocrx_word' id='word_1_299' title='bbox 1510 2198 1627 2230; x_wconf 64' lang='lat' dir='ltr'><strong>metm</strong></span> <span class='ocrx_word' id='word_1_300' title='bbox 1641 2197 1739 2230; x_wconf 76' lang='lat' dir='ltr'><strong>eliam</strong></span> 
     </span>
     <span class='ocr_line' id='line_1_34' title="bbox 261 2239 1738 2283; baseline 0 -12"><span class='ocrx_word' id='word_1_301' title='bbox 261 2241 443 2273; x_wconf 73' lang='lat' dir='ltr'><strong>contrariis.</strong></span> <span class='ocrx_word' id='word_1_302' title='bbox 466 2241 500 2272; x_wconf 89' lang='lat' dir='ltr'><strong>id</strong></span> <span class='ocrx_word' id='word_1_303' title='bbox 510 2241 615 2273; x_wconf 72' lang='lat' dir='ltr'><strong>habet</strong></span> <span class='ocrx_word' id='word_1_304' title='bbox 631 2242 720 2272; x_wconf 80' lang='lat' dir='ltr'><strong>solus</strong></span> <span class='ocrx_word' id='word_1_305' title='bbox 742 2242 867 2283; x_wconf 81' lang='lat' dir='ltr'><strong>Ultraj.</strong></span> <span class='ocrx_word' id='word_1_306' title='bbox 883 2242 981 2283; x_wconf 83' lang='lat' dir='ltr'><strong>prim.</strong></span> <span class='ocrx_word' id='word_1_307' title='bbox 1004 2242 1117 2274; x_wconf 79' lang='lat' dir='ltr'><strong>ceteri</strong></span> <span class='ocrx_word' id='word_1_308' title='bbox 1136 2243 1215 2274; x_wconf 76' lang='lat' dir='ltr'><strong>totis</strong></span> <span class='ocrx_word' id='word_1_309' title='bbox 1228 2241 1474 2274; x_wconf 66' lang='lat' dir='ltr'><strong>Atheniensium</strong></span> <span class='ocrx_word' id='word_1_310' title='bbox 1487 2241 1603 2273; x_wconf 69' lang='lat' dir='ltr'><strong>meris</strong></span> <span class='ocrx_word' id='word_1_311' title='bbox 1617 2240 1687 2283; x_wconf 87' lang='lat' dir='ltr'><strong>(vel</strong></span> <span class='ocrx_word' id='word_1_312' title='bbox 1702 2239 1738 2272; x_wconf 70' lang='lat' dir='ltr'><strong>in</strong></span> 
     </span>
     <span class='ocr_line' id='line_1_35' title="bbox 260 2283 1739 2327; baseline 0 -12"><span class='ocrx_word' id='word_1_313' title='bbox 260 2284 390 2324; x_wconf 69' lang='lat' dir='ltr'><strong>castris)</strong></span> <span class='ocrx_word' id='word_1_314' title='bbox 402 2285 458 2317; x_wconf 73' lang='lat' dir='ltr'><strong>sed</strong></span> <span class='ocrx_word' id='word_1_315' title='bbox 469 2285 564 2316; x_wconf 71' lang='lat' dir='ltr'><strong>etiam</strong></span> <span class='ocrx_word' id='word_1_316' title='bbox 577 2285 757 2317; x_wconf 72' lang='lat' dir='ltr'><strong>contrariis.</strong></span> <span class='ocrx_word' id='word_1_317' title='bbox 781 2295 857 2317; x_wconf 89' lang='lat' dir='ltr'><strong>cum</strong></span> <span class='ocrx_word' id='word_1_318' title='bbox 873 2286 1030 2317; x_wconf 81' lang='lat' dir='ltr'><strong>omnibus</strong></span> <span class='ocrx_word' id='word_1_319' title='bbox 1044 2285 1249 2318; x_wconf 81' lang='lat' dir='ltr'><strong>editis.-40</strong></span> <span class='ocrx_word' id='word_1_320' title='bbox 1275 2285 1399 2327; x_wconf 75' lang='lat' dir='ltr'><strong>Ultraj.</strong></span> <span class='ocrx_word' id='word_1_321' title='bbox 1417 2287 1450 2317; x_wconf 81' lang='lat'><strong>2.</strong></span> <span class='ocrx_word' id='word_1_322' title='bbox 1474 2290 1510 2317; x_wconf 82' lang='lat' dir='ltr'><strong>et</strong></span> <span class='ocrx_word' id='word_1_323' title='bbox 1523 2284 1623 2326; x_wconf 73' lang='lat' dir='ltr'><strong>Mog.</strong></span> <span class='ocrx_word' id='word_1_324' title='bbox 1638 2283 1739 2316; x_wconf 73' lang='lat' dir='ltr'><strong>viola-</strong></span> 
     </span>
    </p>
   </div>
   <div class='ocr_carea' id='block_1_7' title="bbox 931 2385 1073 2417">
    <p class='ocr_par' dir='ltr' id='par_1_7' title="bbox 931 2385 1073 2417">
     <span class='ocr_line' id='line_1_36' title="bbox 931 2385 1073 2417; baseline 0 0"><span class='ocrx_word' id='word_1_325' title='bbox 931 2385 1073 2417; x_wconf 82' lang='lat' dir='ltr'>NOTAE</span> 
     </span>
    </p>
   </div>
   <div class='ocr_carea' id='block_1_8' title="bbox 265 2458 1742 2744">
    <p class='ocr_par' dir='ltr' id='par_1_8' title="bbox 265 2458 1742 2744">
     <span class='ocr_line' id='line_1_37' title="bbox 310 2458 1740 2501; baseline 0 -11"><span class='ocrx_word' id='word_1_326' title='bbox 310 2459 329 2477; x_wconf 75' lang='grc'><strong><em>*</em></strong></span> <span class='ocrx_word' id='word_1_327' title='bbox 354 2458 421 2491; x_wconf 79' lang='lat' dir='ltr'><strong>An.</strong></span> <span class='ocrx_word' id='word_1_328' title='bbox 438 2459 489 2491; x_wconf 88' lang='grc' dir='ltr'><strong>Μ.</strong></span> <span class='ocrx_word' id='word_1_329' title='bbox 506 2461 603 2491; x_wconf 76' lang='grc'><strong>3840.</strong></span> <span class='ocrx_word' id='word_1_330' title='bbox 643 2459 701 2491; x_wconf 92' lang='grc' dir='ltr'><strong>ΟΙ.</strong></span> <span class='ocrx_word' id='word_1_331' title='bbox 724 2461 798 2491; x_wconf 82' lang='grc'><strong>141.</strong></span> <span class='ocrx_word' id='word_1_332' title='bbox 814 2462 847 2491; x_wconf 75' lang='lat'><strong>8.</strong></span> <span class='ocrx_word' id='word_1_333' title='bbox 886 2460 972 2492; x_wconf 88' lang='lat' dir='ltr'><strong>Urb.</strong></span> <span class='ocrx_word' id='word_1_334' title='bbox 1071 2464 1094 2480; x_wconf 81' lang='lat'><strong>¹¹¹</strong></span> <span class='ocrx_word' id='word_1_335' title='bbox 1117 2460 1270 2492; x_wconf 72' lang='lat' dir='ltr'><strong>Hostium</strong></span> <span class='ocrx_word' id='word_1_336' title='bbox 1307 2459 1464 2501; x_wconf 55' lang='lat' dir='ltr'><strong>exercitu]</strong></span> <span class='ocrx_word' id='word_1_337' title='bbox 1505 2459 1581 2494; x_wconf 73' lang='lat' dir='ltr'><strong>Qui</strong></span> <span class='ocrx_word' id='word_1_338' title='bbox 1619 2459 1740 2491; x_wconf 73' lang='lat' dir='ltr'><strong>hostes</strong></span> 
     </span>
     <span class='ocr_line' id='line_1_38' title="bbox 268 2509 1742 2553; baseline 0.001 -13"><span class='ocrx_word' id='word_1_339' title='bbox 268 2509 309 2541; x_wconf 89' lang='lat' dir='ltr'><strong>C.</strong></span> <span class='ocrx_word' id='word_1_340' title='bbox 325 2512 400 2541; x_wconf 81' lang='lat'><strong>539.</strong></span> <span class='ocrx_word' id='word_1_341' title='bbox 441 2510 524 2541; x_wconf 89' lang='lat' dir='ltr'><strong>Ant.</strong></span> <span class='ocrx_word' id='word_1_342' title='bbox 543 2510 604 2541; x_wconf 89' lang='lat' dir='ltr'><strong>Ch.</strong></span> <span class='ocrx_word' id='word_1_343' title='bbox 620 2512 696 2541; x_wconf 83' lang='lat'><strong>213.</strong></span> <span class='ocrx_word' id='word_1_344' title='bbox 1030 2511 1078 2542; x_wconf 90' lang='lat' dir='ltr'><strong>illi</strong></span> <span class='ocrx_word' id='word_1_345' title='bbox 1096 2510 1237 2553; x_wconf 79' lang='lat' dir='ltr'><strong>fuerint,</strong></span> <span class='ocrx_word' id='word_1_346' title='bbox 1254 2512 1435 2544; x_wconf 84' lang='lat' dir='ltr'><strong>obscurum</strong></span> <span class='ocrx_word' id='word_1_347' title='bbox 1465 2516 1539 2543; x_wconf 85' lang='lat' dir='ltr'><strong>est:</strong></span> <span class='ocrx_word' id='word_1_348' title='bbox 1564 2510 1742 2551; x_wconf 85' lang='lat' dir='ltr'><strong>Pelopon·</strong></span> 
     </span>
     <span class='ocr_line' id='line_1_39' title="bbox 311 2559 1741 2604; baseline 0.001 -14"><span class='ocrx_word' id='word_1_349' title='bbox 311 2559 319 2580; x_wconf 86' lang='lat'>¹</span> <span class='ocrx_word' id='word_1_350' title='bbox 344 2560 482 2598; x_wconf 79' lang='lat' dir='ltr'><strong>Codrus]</strong></span> <span class='ocrx_word' id='word_1_351' title='bbox 506 2560 593 2591; x_wconf 90' lang='lat' dir='ltr'><strong>Post</strong></span> <span class='ocrx_word' id='word_1_352' title='bbox 608 2560 696 2592; x_wconf 87' lang='lat' dir='ltr'><strong>illius</strong></span> <span class='ocrx_word' id='word_1_353' title='bbox 708 2566 851 2593; x_wconf 84' lang='lat' dir='ltr'><strong>mortem</strong></span> <span class='ocrx_word' id='word_1_354' title='bbox 868 2560 974 2593; x_wconf 85' lang='lat' dir='ltr'><strong>Athe·</strong></span> <span class='ocrx_word' id='word_1_355' title='bbox 1031 2562 1142 2593; x_wconf 85' lang='lat' dir='ltr'><strong>nesios</strong></span> <span class='ocrx_word' id='word_1_356' title='bbox 1158 2563 1339 2604; x_wconf 83' lang='lat' dir='ltr'><strong>appellant</strong></span> <span class='ocrx_word' id='word_1_357' title='bbox 1370 2562 1559 2595; x_wconf 82' lang='lat' dir='ltr'><strong>Pausanias</strong></span> <span class='ocrx_word' id='word_1_358' title='bbox 1575 2565 1612 2593; x_wconf 88' lang='lat' dir='ltr'><strong>et</strong></span> <span class='ocrx_word' id='word_1_359' title='bbox 1637 2560 1741 2592; x_wconf 77' lang='lat' dir='ltr'><strong>oros.</strong></span> 
     </span>
     <span class='ocr_line' id='line_1_40' title="bbox 266 2610 1740 2653; baseline 0.001 -13"><span class='ocrx_word' id='word_1_360' title='bbox 266 2610 401 2641; x_wconf 80' lang='lat' dir='ltr'><strong>nienses</strong></span> <span class='ocrx_word' id='word_1_361' title='bbox 438 2611 501 2642; x_wconf 80' lang='lat' dir='ltr'><strong>sub</strong></span> <span class='ocrx_word' id='word_1_362' title='bbox 534 2610 770 2643; x_wconf 73' lang='lat' dir='ltr'><strong>Axrclioutibus</strong></span> <span class='ocrx_word' id='word_1_363' title='bbox 793 2613 976 2653; x_wconf 73' lang='lat' dir='ltr'><strong>perpeluis</strong></span> <span class='ocrx_word' id='word_1_364' title='bbox 1030 2613 1221 2645; x_wconf 83' lang='lat' dir='ltr'><strong>Dorienses</strong></span> <span class='ocrx_word' id='word_1_365' title='bbox 1258 2612 1393 2646; x_wconf 73' lang='lat' dir='ltr'><strong>Herod.</strong></span> <span class='ocrx_word' id='word_1_366' title='bbox 1459 2611 1740 2648; x_wconf 62' lang='lat' dir='ltr'><strong>Lacedaemonios</strong></span> 
     </span>
     <span class='ocr_line' id='line_1_41' title="bbox 265 2660 1198 2703; baseline 0.005 -12"><span class='ocrx_word' id='word_1_367' title='bbox 265 2660 418 2701; x_wconf 74' lang='lat' dir='ltr'><strong>filerunt,</strong></span> <span class='ocrx_word' id='word_1_368' title='bbox 447 2662 503 2703; x_wconf 88' lang='lat' dir='ltr'><strong>qui</strong></span> <span class='ocrx_word' id='word_1_369' title='bbox 532 2666 654 2703; x_wconf 82' lang='lat' dir='ltr'><strong>postea</strong></span> <span class='ocrx_word' id='word_1_370' title='bbox 680 2662 848 2695; x_wconf 80' lang='lat' dir='ltr'><strong>decennio</strong></span> <span class='ocrx_word' id='word_1_371' title='bbox 875 2662 977 2703; x_wconf 76' lang='lat' dir='ltr'><strong>finiti,</strong></span> <span class='ocrx_word' id='word_1_372' title='bbox 1032 2663 1198 2696; x_wconf 84' lang='lat' dir='ltr'><strong>Velleius.</strong></span> 
     </span>
     <span class='ocr_line' id='line_1_42' title="bbox 270 2712 472 2744; baseline 0 -1"><span class='ocrx_word' id='word_1_373' title='bbox 270 2716 341 2744; x_wconf 86' lang='lat' dir='ltr'><strong>tum</strong></span> <span class='ocrx_word' id='word_1_374' title='bbox 359 2712 472 2744; x_wconf 78' lang='lat' dir='ltr'><strong>annui.</strong></span> 
     </span>
    </p>
   </div>
  </div>
 </body>
</html>
