1878 3132
402 178 511 211 cAr.
534 175 623 210 vu.
659 177 721 208 nn
754 174 940 207 srumo
978 174 1034 205 Εἰ·
1067 173 1364 206 ιΝουετιιιΑ.
1538 162 1627 206 ’763

154 277 352 336 perculsi
381 288 616 320 secessum
646 276 817 330 petunt,
838 270 1159 328 duplicantque
1186 272 1408 323 tenebraS,
1428 270 1626 314 fortuitis

155 346 430 392 voluntarias
451 343 729 400 adjicientes.

211 418 255 460 6.
284 415 390 459 Jam
411 413 466 456 P.
487 409 708 463 Crassus,‘
737 422 841 453 cum
870 409 919 452 in
937 406 1099 451 Asiam
1135 407 1196 451 ad
1225 406 1533 451 Aristonicum
1562 422 1629 451 re-

156 498 258 540 gem
293 481 606 527 debellandum
640 480 802 524 consul
823 478 1035 530 venisset,
1057 479 1181 521 tanta
1201 489 1310 520 cura
1342 476 1519 520 Graecae
1543 478 1630 520 lin-

157 567 258 609 guae
279 553 484 596 notitiam
503 550 654 594 animo
674 547 1020 605 comprehendit,
1043 550 1090 591 ut
1108 559 1209 590 eam
1227 546 1275 589 in
1300 545 1496 602 quinque
1516 545 1630 588 divi-

156 619 278 665 samJ'
308 632 468 675 genera
486 632 566 675 per
586 630 740 661 omnes
757 621 910 673 partes
931 629 986 660 ac
1013 628 1223 660 numeros
1243 616 1423 671 penitus
1442 627 1631 669 cognos-

157 694 297 734 ceret.
357 687 476 741 Quae
496 701 570 731 res
589 687 838 730 maximum
850 686 893 729 ei
906 686 1130 729 sociorum
1142 697 1338 728 amorem
1352 683 1631 732 conciliavit,

157 772 250 814 qua
267 758 372 814 quis
392 770 546 801 eorum
570 757 722 811 lingua
752 756 875 812 apud
906 755 1104 799 tribunal
1122 753 1246 798 illius
1261 758 1280 787 ⁹
1308 753 1631 810 postulaverat,

159 827 316 871 eadem
331 827 512 870 decreta
529 824 767 868 reddenti.†

213 898 257 940 7.
289 895 363 939 Ne
385 891 615 939 Roscius*
645 893 828 949 quidem
852 890 1148 936 subtrahatur
1176 890 1368 934 scenicae
1399 889 1632 932 industriae

157 965 445 1008 notissimum
475 961 748 1018 exemplum,
766 962 843 1017 qui
872 961 1043 1004 nullum
1073 972 1275 1015 unquam
1305 959 1529 1015 spectanti
1551 971 1635 1014 po-

158 1033 269 1089 pulo
289 1037 476 1087 gestum,
492 1031 580 1074 nisi
611 1043 741 1086 quem
770 1030 891 1073 domi
919 1029 1161 1073 meditatus
1190 1029 1352 1080 fuerat,
1372 1040 1535 1084 ponere
1555 1039 1635 1069 au-

161 1115 241 1145 sus
270 1107 353 1145 est.
412 1100 701 1156 Quapropter
727 1113 816 1142 non
847 1099 1027 1143 ludicra
1053 1112 1125 1142 ars
1150 1098 1391 1149 Roscium,
1414 1097 1494 1140 sed
1516 1096 1637 1140 Ros-

162 1171 260 1215 cius
287 1170 508 1214 ludicram
541 1174 684 1212 artem
718 1168 1075 1211 commendavit:
1106 1180 1188 1211 nec
1217 1166 1340 1222 vulgi
1360 1170 1535 1210 tantum
1569 1165 1636 1209 fa—

160 1251 326 1291 vorem,
366 1251 520 1281 verum
555 1237 694 1280 etiam
731 1236 984 1292 principum
1023 1235 1352 1280 familiaritates
1396 1235 1638 1291 amplexus

163 1314 267 1352 esta
325 1307 446 1352 Haec
478 1311 583 1351 sunt
614 1305 789 1356 attenti,
820 1309 866 1348 et
900 1305 1045 1357 anxii,
1080 1308 1124 1348 et
1154 1317 1382 1360 nunquam
1414 1305 1638 1347 cessantis

161 1377 299 1420 studii
335 1377 548 1432 praemiat
588 1378 772 1432 propter
807 1387 910 1430 quae
943 1378 1172 1418 tantorum
1202 1375 1395 1417 virorum
1429 1373 1639 1417 laudibus

162 1458 253 1489 non
273 1445 556 1502 impudenter
576 1458 627 1488 se
648 1456 844 1501 persona
861 1443 1088 1487 histrionis
1109 1444 1330 1488 inseruit!

769 1571 974 1604 EX'I'ERN
984 1572 1032 1604 A.

219 1666 260 1709 1.
292 1665 460 1710 Graeca
500 1678 681 1722 quoque
719 1664 956 1716 industria,
989 1665 1204 1721 quoniam
1243 1669 1412 1708 nostrae
1448 1662 1638 1706 multum

165 1735 348 1791 profuit,
374 1749 505 1790 quem
534 1737 722 1777 meretur
753 1733 965 1785 fructum,
999 1733 1162 1777 Latina
1200 1733 1402 1788 lingua¹⁰
1430 1732 1639 1787 recipiat.

162 1922 183 1953 d
206 1875 376 1928 “Propter
400 1886 469 1919 quoe
494 1877 626 1910 mer-itus
641 1880 687 1910 est
714 1876 849 1909 Roscius
875 1876 988 1909 histrio
1010 1886 1080 1909 cum
1103 1879 1151 1909 tot
1175 1876 1305 1909 summis
1327 1875 1406 1907 viris
1426 1884 1446 1906 α
1467 1873 1556 1906 nobie
1573 1873 1640 1905 wu-

184 1930 247 1953 un.

785 1983 1026 1998 eooouoeoeeo

166 2064 188 2093 9
210 2061 267 2095 lta
293 2061 435 2103 Pighius
465 2066 503 2094 et
529 2062 631 2095 codd.
655 2063 800 2096 Torren.
830 2063 934 2104 vulgo
961 2063 1039 2103 ejus.
1095 2062 1185 2095 'rum
1209 2061 1291 2094 Par.
1319 2063 1349 2094 1.
1373 2063 1407 2093 2.
1430 2060 1642 2093 reddendo.—

167 2107 210 2138 10
232 2107 243 2125 ⁴
260 2105 318 2139 Sic
344 2106 523 2138 revocavit
549 2106 694 2140 Torren.
710 2116 754 2139 ex
771 2107 930 2140 omnibus
945 2106 1049 2139 codd.
1070 2110 1108 2139 et
1131 2105 1212 2138 edd.
1239 2109 1324 2138 vett.
1353 2104 1496 2147 Pighius
1512 2103 1642 2146 aliique

830 2215 863 2250 N
867 2215 974 2250 01·AE

209 2313 218 2334 ¹
240 2314 281 2346 Ρ.
300 2313 449 2355 Crassus]
471 2314 772 2358 Mntianus,cnjns
786 2324 875 2347 mor·
930 2324 974 2347 ex
998 2314 1167 2348 Cicerone
1187 2314 1232 2347 de
1259 2313 1360 2347 Orat.
1385 2314 1445 2347 lib.
1471 2323 1496 2346 1.
1513 2313 1557 2346 de
1573 2323 1643 2356 qno

167 2370 237 2398 tem
261 2365 474 2398 narravimus
490 2365 549 2398 lib.
567 2375 623 2398 111.
637 2376 667 2399 c.
680 2368 714 2399 2.
730 2376 764 2399 n.
782 2369 834 2399 12.
933 2377 996 2409 pro
1013 2367 1142 2400 Archia
1166 2366 1216 2399 sic
1233 2366 1406 2409 loquitur:
1431 2366 1440 2383 ‘
1453 2366 1540 2399 Quis
1564 2375 1643 2397 nos-

206 2416 219 2445 1
242 2418 282 2450 In
306 2418 439 2460 quinque
464 2417 612 2459 divisam]
636 2417 678 2450 In
709 2418 878 2460 haicam,
932 2424 1023 2451 trum
1041 2423 1110 2450 tam
1132 2418 1245 2450 animo
1259 2417 1388 2459 agresti
1404 2427 1444 2449 ac
1461 2416 1548 2448 duro
1564 2415 1644 2458 fuit,

166 2469 344 2510 Doricam,
360 2468 528 2510 Atticam,
541 2469 714 2510 AEolicam‚
727 2475 762 2503 et
774 2471 875 2504 Com·
931 2475 968 2503 ut
997 2469 1116 2503 Roscii
1135 2474 1247 2502 morte
1271 2478 1381 2511 nuper
1404 2478 1471 2500 non
1486 2477 1641 2501 movere-

167 2530 320 2554 rnnnem.
931 2524 1011 2558 tur?
1034 2524 1187 2567 quicum
1202 2527 1294 2554 esset
1316 2530 1435 2563 senex,
1462 2525 1644 2561 mortuus;

209 2575 223 2605 ἢ
239 2571 308 2605 Αιι.
324 2572 375 2605 M.
391 2575 488 2605 3923.
512 2572 571 2606 Ol.
589 2575 663 2606 162.
678 2576 710 2606 2.
732 2573 820 2608 Urb.
835 2575 875 2609 C.
931 2580 1045 2606 tamen
1072 2576 1216 2615 propter
1231 2571 1462 2605 excellentem
1478 2577 1587 2604 artem
1605 2578 1643 2605 et

165 2624 242 2655 622.
259 2621 344 2655 Ant.
361 2623 423 2657 Ch.
441 2626 514 2656 130.
931 2629 1164 2664 venustatem,
1187 2623 1373 2656 videbatur
1394 2623 1531 2656 omnino
1555 2625 1643 2657 mori

210 2671 226 2694 ¹¹
249 2673 398 2716 Roscius]
420 2674 617 2717 Comoedus,
633 2685 708 2709 eam
733 2676 876 2718 gloriam
930 2686 998 2708 non
1018 2674 1207 2708 debuisse:

166 2728 385 2765 consecutus,
401 2729 440 2758 nt
463 2726 670 2769 quicumque
685 2727 719 2759 in
745 2728 877 2760 histrio·
974 2731 989 2765 ss
1006 2726 1074 2760 An.
1091 2725 1142 2759 M.
1156 2728 1255 2759 3986.
1279 2725 1337 2759 01.
1353 2729 1427 2759 178.
1446 2729 1477 2759 1.
1502 2726 1586 2760 Urb.
1601 2726 1641 2760 C.

170 2773 248 2807 nica
263 2775 464 2820 excelleret,
478 2777 505 2810 is
522 2777 668 2812 Roscius
684 2778 876 2821 diceretur,
929 2781 1005 2812 685.
1030 2776 1116 2812 Ant.
1132 2776 1195 2811 Ch.
1212 2779 1267 2810 67.
