1878 3132
239 166 330 213 ’544
660 177 872 210 VALERu
909 177 1103 208 ΜΑΧΙΜΙ
1138 177 1234 209 Lm.
1266 178 1310 208 v.

246 288 334 310 mone
349 287 376 309 s.
388 286 449 309 non
463 278 574 308 vacent
590 285 602 314 ;
624 275 692 316 vel,
709 276 744 307 in
760 275 1026 317 reprehensionem
1044 275 1153 316 lingua
1168 284 1306 307 sermone
1328 275 1347 306 l.
1363 284 1389 306 s.
1402 284 1462 306 non
1480 278 1594 309 mame.
1617 275 1714 309 Leid.

245 326 278 355 4.
303 324 334 353 7.
358 331 418 352 non
433 322 541 352 carent
551 319 567 357 ,·'
585 319 646 351 sed
662 319 761 350 Leid.
775 322 807 351 7.
830 320 1101 361 superscriptum
1117 322 1234 359 tacent,
1251 323 1288 350 et
1303 318 1336 349 in
1364 328 1472 359 marg.
1498 318 1717 360 reprehensore

244 368 364 404 lingua.
407 363 591 395 Torrenius
607 363 733 404 partim
749 372 793 395 ex
808 363 887 395 cod.
905 363 1066 395 Perizon.
1082 363 1202 396 malit:
1225 362 1369 394 Athenas
1387 362 1635 403 reprehensionis
1654 363 1716 397 lin·

243 420 309 450 gua
321 419 345 440 s.
362 409 383 440 l.
395 418 423 440 s.
446 417 508 439 non
527 410 620 439 tacet.
646 407 655 424 ‘
671 407 745 448 Ego
761 407 810 438 sic
827 407 903 447 lego
917 417 926 439 ε
950 410 983 438 at
1000 407 1024 438 i.
1037 407 1065 438 b.
1079 406 1218 438 Athenas
1232 406 1468 447 reprehensione
1482 406 1643 447 lingua,o.
1655 407 1716 440 hs.
1734 419 1743 428 =

244 464 304 484 mm
320 454 416 492 tacet,
439 454 477 483 ut
492 460 611 482 sensus
627 450 696 482 sit:
723 453 768 482 At
785 450 905 490 lingua,
926 449 997 491 (est
1022 459 1122 482 casus
1149 450 1278 492 primus
1305 458 1374 480 non
1401 450 1553 490 sextus)
1578 459 1717 483 sermone

246 497 355 530 licenti
369 496 482 534 soluta,
502 504 564 526 non
580 496 675 533 tacet,
698 494 799 535 (licet
813 493 944 526 umbrae
960 498 1065 525 mutae
1083 498 1243 526 taceant:
1268 493 1391 525 lusisse
1405 492 1543 525 videtur
1557 493 1717 526 Valerius

244 541 277 572 in
295 542 397 571 tacent
414 543 448 570 et
466 536 578 579 tacet)
594 537 828 579 reprehensione
852 536 892 580 (i.
904 547 936 570 e.
963 537 1221 579 reprehendens
1244 535 1548 579 reprehendendo)
1561 535 1717 580 Athenae,

247 583 464 627 beneficiorum
479 580 691 614 immemores:
714 581 834 623 Kapp.

852 877 993 921 CAP.
1024 876 1113 920 IV.

536 1003 623 1046 DE
654 1001 934 1079 PIETsTE
963 1002 1039 1045 IN
1070 1000 1428 1044 PARENTES.

268 1137 374 1162 cUJus
390 1134 569 1159 EXEMPLA
584 1135 826 1159 ROMANORUM
843 1135 944 1160 SUNT.
1276 1131 1460 1156 Errmun.

258 1200 286 1229 ¹1
312 1197 376 1229 Cn.
392 1195 546 1229 Marcius
563 1194 777 1228 Coriolanus.
1034 1195 1052 1226 1
1077 1191 1170 1224 Pero
1197 1189 1271 1224 filia
1307 1195 1442 1233 patrem
1471 1199 1619 1224 mamma
1659 1199 1721 1223 nu·

266 1243 288 1273 2
313 1241 355 1273 P.
372 1240 491 1281 Scipio
505 1238 692 1271 Africanus
707 1241 827 1282 major.
1099 1235 1220 1267 triens.
1408 1277 1416 1284 .

268 1287 288 1316 3
312 1284 351 1316 T.
366 1283 518 1315 Manlius
533 1283 741 1324 Torquatus.
1032 1282 1054 1311 2
1078 1278 1198 1310 Cimon
1216 1278 1447 1310 Atheniensns.

268 1331 290 1360 4
313 1328 365 1360 M.
381 1327 543 1359 Aurelius
558 1327 674 1358 Cotta.
1031 1325 1051 1354 3
1076 1323 1157 1354 Duo
1174 1321 1298 1353 fratres
1317 1321 1476 1364 Hispani.

267 1375 287 1402 5
312 1370 353 1402 C.
369 1370 556 1402 Flaminius
573 1370 655 1402 trib.
672 1370 718 1411 pl.
1032 1368 1053 1397 4
1077 1365 1218 1397 Cleobis
1247 1370 1284 1397 et
1313 1366 1439 1406 Biton;
1470 1363 1722 1407 Amphinomus

267 1417 290 1446 6
312 1414 457 1446 Claudia
473 1414 569 1454 virgo
586 1413 750 1446 Vestalis.
1098 1414 1135 1440 et
1150 1408 1307 1450 Anapus.

267 1460 287 1489 7
312 1457 400 1489 Filia
414 1462 561 1489 matrem
587 1457 622 1489 in
647 1466 788 1489 carcere
810 1465 957 1488 mamma
1032 1455 1052 1483 5
1074 1451 1228 1494 Scyth'ae-

332 1501 498 1534 nutriens.
1032 1497 1053 1525 6
1077 1495 1186 1526 Croesi
1201 1494 1291 1535 regis
1306 1493 1397 1526 filius
1411 1499 1539 1528 mutus.

1030 1540 1050 1569 7
1075 1538 1181 1571 Pulto
1198 1538 1380 1570 pinnensis
1392 1537 1547 1580 juvenis.

307 1649 318 1666 ¹
338 1643 441 1686 SED
467 1643 726 1686 omittamus
756 1644 973 1698 ingratos,
1003 1649 1048 1687 et
1068 1645 1222 1700 potius
1253 1645 1310 1687 de
1340 1645 1430 1700 piis
1460 1645 1721 1700 loquamur:

249 1713 478 1768 aliquanto
521 1714 639 1755 enim
679 1714 821 1755 satius
856 1717 962 1754 est²
1007 1713 1257 1765 favorabili,
1297 1726 1431 1768 quam
1459 1712 1622 1755 invisae
1659 1711 1723 1754 rei

248 1794 428 1824 vacare.
487 1781 654 1824 Venite
683 1781 815 1834 igitur
845 1781 891 1822 in
922 1794 1085 1823 manus
1114 1786 1293 1823 nostras
1323 1793 1541 1836 prospera
1563 1792 1724 1835 paren-

248 1853 366 1892 tum³
403 1851 526 1901 vota,
563 1849 774 1891 felicibus
809 1849 1030 1903 auspiciis
1060 1853 1322 1904 propagatae
1357 1849 1567 1891 soboles:
1620 1861 1722 1904 quae

247 1916 442 1969 efficitis,
460 1922 511 1959 ut
529 1921 573 1960 et
594 1918 800 1971 genuisse
815 1917 960 1972 juvet,
983 1922 1030 1961 et
1049 1931 1258 1972 generare
1278 1918 1434 1960 libeat.

307 1986 348 2027 1.
380 1984 647 2028 Coriolanus
666 1986 855 2027 maximi
877 1986 943 2028 vir
963 1986 1116 2038 animi,
1136 1990 1182 2028 et
1203 1986 1410 2028 altissimi
1431 1985 1626 2037 consilii,
1643 1997 1724 2040 op-

247 2055 449 2109 timeque
489 2052 563 2101 de>
583 2055 814 2109 republica
849 2055 1048 2104 meritus,
1088 2055 1384 2110 iniquissima:
1422 2053 1723 2096 damnationis
1786 2102 1788 2106 .

247 2123 378 2165 ruina
397 2126 662 2177 prostratUS,
684 2122 741 2164 ad
764 2122 958 2165 Volscos
978 2122 1164 2165 infestos
1195 2129 1303 2165 tunc
1323 2122 1545 2165 Romanis
1566 2120 1724 2164 confu-

249 2191 328 2246 git.
389 2190 561 2244 Magno
582 2190 749 2244 ubique
773 2191 913 2244 pretio
935 2192 1076 2233 virtus
1100 2191 1360 2233 aestimatur.
1419 2190 1582 2245 Itaque
1603 2194 1726 2244 quo4

248 2260 449 2302 latebras
485 2258 727 2313 quaesitum
762 2263 959 2311 venerat,
991 2260 1054 2301 ibi
1084 2260 1211 2302 brevi
1245 2272 1464 2302 summum
1481 2262 1496 2288 ⁵
1506 2307 1508 2309 ,
1529 2258 1723 2312 adeptus

249 2331 317 2371 est
346 2321 599 2382 imperiumss
658 2326 926 2382 Evenitque,
943 2333 995 2370 ut
1023 2341 1155 2383 quem
1188 2341 1269 2383 pro
1290 2341 1339 2370 se
1369 2328 1613 2369 salutarem
1641 2327 1724 2368 im-

250 2399 502 2452 peratorem
522 2394 648 2437 cives
668 2394 830 2436 habere
853 2395 1100 2446 noluerant,
1121 2409 1250 2451 paene
1279 2395 1543 2451 pestiferum
1565 2393 1723 2438 adver-

1070 2505 1109 2517 ‘O

298 2583 315 2612 l
339 2580 381 2612 In
397 2580 535 2622 scriptis
557 2584 592 2612 et
619 2579 699 2612 edd.
728 2585 807 2612 ante
831 2580 993 2621 Pighium
1023 2581 1260 2622 paragraphus
1288 2579 1344 2612 hic
1372 2589 1480 2622 usque
1506 2580 1549 2612 ad
1572 2590 1725 2620 generare

254 2624 363 2663 libeat,
386 2624 558 2665 superiori
586 2624 696 2665 capiti
728 2624 955 2655 onumen-2
979 2624 1103 2655 Leidd.
1123 2627 1151 2655 1.
1170 2627 1202 2655 2.
1225 2624 1364 2655 sanctius
1378 2626 1500 2656 est.—3
1523 2624 1665 2655 Colerus
1681 2633 1725 2655 ex

255 2667 334 2698 cod.
351 2667 444 2698 Dan.
465 2667 656 2708 parentium,
677 2672 800 2699 contra
816 2667 898 2699 alios
915 2676 1031 2698 omnes
1053 2667 1155 2699 codd.
1201 2666 1339 2699 Deinde
1355 2667 1481 2708 Copes.
1504 2677 1576 2707 qnae
1600 2666 1725 2709 efficitis

254 2713 290 2740 ut
303 2710 526 2749 genuisse—4
551 2710 658 2742 Barb.
676 2713 708 2742 1.
733 2710 856 2752 Copes.
885 2716 921 2741 et
949 2710 1045 2741 Leid.
1072 2713 1104 2741 2.
1132 2709 1259 2750 qui.—5
1284 2712 1294 2727 ‘
1309 2709 1468 2742 Quatuor
1493 2709 1579 2742 Mss.
1604 2710 1724 2741 oelent

254 2762 430 2791 mmmmm
454 2762 516 2784 sex
533 2753 618 2786 Mss.
633 2763 710 2785 cum
725 2754 819 2795 Mog.
837 2758 872 2786 et
886 2754 967 2785 Vet.
984 2753 1210 2794 brevissimum,
1225 2753 1333 2785 ceteri
1351 2751 1438 2784 brevi
1453 2762 1616 2794 summum,
1631 2752 1723 2795 quod
