1878 3132
271 186 466 218 cn-vx.
496 186 584 227 Qui
619 184 734 226 QUAE
768 185 820 217 m
854 184 992 216 Anus
1023 184 1400 227 vmchRAN‘r,
1421 176 1505 218 διο.
1543 174 1633 218 ’759

213 285 255 331 4.
285 283 346 337 Q.
389 290 539 339 autem
577 284 758 336 Varius,
803 287 992 339 propter
1040 283 1279 326 obscurum
1313 283 1393 340 jus
1432 283 1633 327 civitatis

157 351 394 410 Hybrida⁸
411 351 426 378 f
450 354 808 409 cognominatus,
841 352 1044 397 tribunus
1064 351 1212 407 plebis
1244 351 1392 406 legem
1415 351 1634 395 adversus

157 421 521 466 intercessionem
541 422 809 477 collegarum
834 420 1120 477 perrogavit,⁹
1150 432 1242 476 qua
1256 420 1448 476 jubebat
1475 420 1636 476 quaeri,

157 494 172 514 ‘
187 505 373 547 quorum
396 492 500 535 dolo
517 491 638 535 malo
658 490 775 534 socii
796 491 854 534 ad
876 503 1002 534 arma
1019 489 1084 533 ire
1103 489 1256 533 coacti
1275 493 1428 532 essent
1444 502 1456 542 3
1470 487 1482 505 ’
1511 502 1636 544 mag-

157 573 216 602 na
235 574 339 603 cum
358 560 488 604 clade
508 561 796 618 reipublicaez
829 560 996 603 sociale
1013 559 1133 603 enim
1148 559 1308 615 prius‚⁸
1328 556 1488 601 deinde
1505 559 1638 601 civile

156 629 323 673 bellum
344 631 574 675 excitavit.
639 631 730 675 Sed
752 630 862 674 dum
890 634 994 674 ante
1024 629 1284 687 pestiferum
1301 627 1520 671 tribunum
1540 627 1638 682 ple-

158 697 229 740 bis
248 711 387 755 quam
405 704 575 742 certum
613 700 759 743 civem
791 701 898 755 agit,
927 713 1011 743 sua
1044 699 1121 742 lex
1151 711 1254 740 eum
1288 695 1554 740 domesticis
1572 695 1638 739 Ia-

159 767 290 822 queis
311 768 604 813 constrictum
624 767 876 812 absumsit!
890 772 905 806 t
919 766 936 791 ¹¹

204 899 218 921 ⁶
235 900 302 934 Sua
316 902 398 944 lege,
412 902 502 945 quasi
512 902 633 947 laqueis
644 903 731 936 domi
742 912 808 936 Μ
819 902 944 945 paratis
955 901 1155 944 constrictus,
1171 902 1338 935 damnatus
1347 904 1408 936 eet.

160 1065 467 1109 simulcrumque-8
489 1065 544 1100 Ita
561 1067 693 1100 Brand.
709 1070 742 1100 l.
755 1070 789 1101 2.
812 1071 848 1100 et
864 1066 944 1099 edd.
962 1071 1049 1100 vett.
1086 1067 1230 1100 Colerns
1247 1075 1328 1099 vero
1343 1066 1413 1108 legi
1428 1065 1504 1098 vult
1518 1065 1640 1101 Ibrida.

162 1112 228 1142 -9
251 1109 309 1142 Ita
324 1110 470 1153 Pighius
485 1120 528 1143 ex
548 1109 670 1143 Atreb.
687 1116 724 1144 et
739 1112 790 1144 ita
804 1121 943 1154 quoque
959 1111 1087 1143 Braud.
1114 1114 1144 1143 l.
1161 1113 1195 1144 2.
1215 1110 1406 1153 prorogabat
1421 1110 1456 1142 in
1472 1110 1642 1144 tredecim

163 1153 265 1187 codd.
279 1154 423 1187 Torren.
439 1159 477 1187 et
499 1154 581 1187 edd.
605 1159 695 1188 vett.
715 1155 901 1196 prorogavit
927 1155 963 1186 in
992 1155 1082 1187 aliis.
1129 1154 1216 1187 Mox
1243 1154 1368 1198 Copes.
1398 1164 1478 1188 cum
1505 1158 1642 1198 septem

163 1196 265 1229 codd.
283 1197 427 1231 'ron-en.
445 1203 482 1230 et
496 1198 594 1240 Mog.
618 1209 689 1241 quae
703 1197 848 1240 jubebat,
872 1198 1044 1240 probante
1061 1198 1255 1231 Perizouio.

830 1298 973 1331 NOTAE

206 1370 219 1392 ¹
238 1371 405 1416 Hybrida]
421 1373 499 1406 Hoc
512 1377 566 1406 est
580 1372 775 1414 semicivis3
791 1372 876 1406 lber
929 1383 1050 1408 norum
1067 1378 1192 1408 contra
1204 1375 1400 1417 Romamn
1423 1374 1526 1409 civile
1541 1374 1645 1410 Marii

165 1422 256 1456 enim
272 1424 307 1455 iu
330 1429 451 1456 vetere
468 1423 646 1456 Glossario
662 1423 791 1457 dicitur
805 1423 875 1465 ἠμί·
930 1430 1053 1458 contra
1067 1425 1212 1469 Syllam.

164 1485 252 1516 ονοςς
275 1474 354 1508 hinc
372 1475 542 1517 Hybridae
558 1485 787 1519 quaecumque
799 1487 877 1520 pro·
973 1476 989 1498 ¹¹
1014 1478 1228 1511 Constrictum
1242 1477 1409 1521 absumsit]
1424 1478 1435 1497 ‘
1446 1478 1573 1512 Varius
1585 1479 1646 1512 ho-

163 1526 286 1560 miscui
302 1526 436 1567 generis
452 1526 614 1559 animalia
625 1526 732 1568 dicta,
747 1537 791 1560 ex
803 1527 876 1560 Pli-
930 1538 987 1562 mo
1002 1529 1315 1572 importunissimus
1338 1538 1472 1563 summo
1488 1530 1646 1565 cruciatu

166 1577 226 1611 nio
242 1577 300 1611 lib.
315 1586 397 1611 vm.
414 1586 446 1610 c.
462 1580 518 1610 53.
562 1579 651 1613 Quae
677 1588 742 1610 vox
761 1579 804 1611 ad
818 1579 877 1612 ho·
931 1581 1171 1624 supplicioque
1197 1581 1316 1624 periit,
1330 1581 1390 1624 qui
1405 1581 1558 1616 Drusum
1573 1582 1645 1617 fer-

164 1629 275 1661 mines
302 1628 353 1661 ita
383 1629 548 1661 translata
576 1633 643 1670 est,
669 1633 708 1662 ut
736 1630 795 1673 qui
822 1631 878 1663 vel
931 1642 982 1674 ro,
1000 1633 1182 1666 Metellum
1200 1642 1337 1666 veneno
1351 1634 1565 1668 sustulerat!
1586 1635 1645 1670 Ita

166 1689 210 1712 ex
225 1689 326 1713 servo
341 1683 377 1712 et
397 1679 573 1723 libertino,
591 1681 646 1713 vel
662 1691 705 1713 ex
720 1691 819 1715 servo
840 1687 877 1716 et
930 1683 1054 1718 Cicero
1078 1684 1123 1718 de
1149 1684 1233 1719 Nat.
1257 1686 1367 1719 Deor.
1390 1685 1451 1719 lib.
1476 1695 1534 1720 ιιι.
1558 1686 1647 1721 dicit

164 1731 329 1773 ingenuo,
347 1731 401 1764 vel
416 1740 460 1764 ex
477 1736 577 1775 patre
591 1738 626 1765 et
641 1738 753 1766 matre
765 1733 877 1767 diver·
929 1740 1046 1769 tamen
1061 1737 1096 1769 in
1111 1737 1239 1780 Bruto,
1261 1747 1323 1771 suu
1342 1738 1422 1780 lege
1445 1738 1645 1772 damnatum

165 1793 213 1816 w.
237 1783 385 1816 ustionis
401 1789 504 1818 natus
520 1789 625 1827 esset,
641 1786 695 1818 vel
718 1790 876 1821 uteretur
930 1788 1016 1821 urbe
1033 1789 1236 1822 excessisse.

164 1835 275 1868 mixto
288 1836 457 1870 sermonis
470 1846 610 1880 genere,
626 1838 787 1882 Hybrida
803 1840 877 1876 vul·
976 1844 990 1879 ss
1017 1839 1081 1874 An.
1096 1841 1148 1874 M.
1165 1843 1265 1876 3964.
1282 1841 1342 1876 01.
1360 1844 1436 1876 172.
1453 1844 1484 1874 3.
1499 1841 1586 1875 Urb.
1603 1841 1644 1875 C.

166 1896 212 1928 go
226 1887 473 1929 appellaretur.
930 1895 1007 1926 663.
1025 1892 1107 1934 Ant.
1124 1893 1187 1928 Ch.
1201 1896 1256 1928 89.

211 1943 228 1967 t
250 1938 370 1972 Sociale
384 1941 467 1973 enim
486 1940 591 1983 prius]
613 1941 749 1975 Sociale
782 1943 876 1976 Lati-
