1878 3132
233 184 342 217 cAP.
365 183 473 215 vm.
509 183 572 215 DE
605 180 725 214 mna
756 179 1032 214 SBRVORUM
1067 179 1202 213 ERGA
1237 179 1477 212 nommos.
1534 168 1624 213 645

142 282 319 326 fortuna
336 281 499 326 merito
519 283 686 337 potest,
707 277 832 335 quod
851 281 941 322 tam
961 277 1087 334 pium
1114 282 1161 320 et
1190 280 1282 321 tam
1314 278 1468 322 sortem
1488 277 1621 334 spiri-

142 355 239 394 tum
259 350 412 394 servili
430 351 608 395 nomine
628 349 831 393 inclusit.

201 420 245 463 2.
277 419 519 464 Consulem
539 423 689 463 autem
719 417 773 462 C.
796 415 1053 461 Marium⁷¹>
1083 415 1382 460 Praenestinae
1415 415 1618 459 obsidio-

141 489 214 533 nis
228 495 245 513 ⁶
274 489 572 533 miserabilem
591 488 765 531 exitum
784 487 1007 538 sortitum,
1027 484 1226 528 cuniculi
1253 484 1438 526 latebris
1456 484 1620 528 frustra

143 558 330 602 evadere
361 561 585 609 conatum,
616 557 798 612 levique
828 555 1010 599 vulnere
1052 567 1081 597 a
1109 552 1360 605 Telesino,‘¹
1389 566 1493 595 cum
1527 567 1620 608 quo

142 626 385 671 commori⁸
419 626 736 678 destinaverat,
766 626 1051 682 perstrictum
1078 636 1235 666 servus
1257 635 1382 678 suus,
1403 627 1456 664 ut
1476 621 1622 678 Sylla-

140 709 213 740 nae
246 695 525 739 crudelitatis
544 699 773 752 expertem
793 695 978 746 faceret,
1008 692 1158 748 gladio
1191 691 1430 748 trajectum
1461 691 1621 734 intere-

141 765 222 808 mit
239 778 250 818 ;
281 778 384 808 cum
404 778 568 819 magna
582 765 767 820 praemia
788 763 877 807 sibi
897 763 1134 820 proposita
1148 761 1334 813 videret,
1349 761 1389 804 si
1408 774 1510 804 eum
1521 761 1621 809 vic-

141 834 312 876 toribus
334 833 610 876 tradidisset.
671 832 816 890 Cujus
837 833 1040 876 dexterae
1073 837 1169 874 tam
1203 834 1503 887 opportunum
1535 828 1620 872 mi-

138 901 376 945 nisterium
395 901 507 944 nihil
526 915 679 945 eorum
699 901 860 957 pietati
880 900 1018 954 cedit,
1033 914 1060 944 a
1080 893 1246 957 quibus
1268 900 1391 942 salus
1413 898 1617 942 domino·

140 983 239 1014 rum
260 975 468 1026 protecta
485 976 569 1015 est.
630 969 754 1025 Quia
787 983 842 1012 eo
875 974 1079 1026 tempore
1109 968 1258 1012 Mario
1290 981 1384 1011 non
1406 967 1519 1022 vita,
1539 967 1620 1011 sed

139 1052 262 1085 mors
282 1041 330 1083 in
348 1040 570 1084 beneficio
589 1039 791 1096 reposita
811 1035 947 1082 erat?

196 1109 240 1153 3.
270 1110 421 1166 AEque
441 1110 614 1153 illustre
636 1109 759 1165 quod
779 1109 999 1164 sequitur.
1038 1107 1090 1152 C.
1114 1106 1368 1159 Gracchus,
1390 1119 1446 1149 ne
1466 1106 1514 1149 in
1535 1119 1619 1162 po-

138 1181 349 1222 testatem
368 1179 647 1223 inimicorum
667 1179 871 1229 veniret‚⁹
891 1178 1144 1222 Philocrati
1158 1183 1173 1201 ⁹
1206 1190 1336 1220 servo
1367 1189 1451 1220 suo
1478 1175 1622 1219 cervi-

141 1260 218 1291 ces
238 1248 497 1292 incidendas
515 1249 725 1305 praebuit.
786 1246 919 1300 Quas
935 1261 1038 1291 cum
1059 1247 1194 1290 celeri
1214 1246 1312 1290 ictu
1334 1244 1620 1296 abscidisset,

142 1315 339 1371 gladium
355 1330 514 1360 cruore
534 1317 706 1360 domini
724 1316 975 1360 madentem
989 1322 1023 1342 ¹0
1043 1330 1121 1373 per
1141 1329 1224 1359 sua
1244 1315 1336 1371 egit
1355 1313 1620 1371 praecordia.

141 1384 369 1442 Euporum
390 1389 420 1412 '¹
453 1387 533 1430 alii
566 1387 684 1431 hunc
718 1388 972 1431 vocitatum
1004 1387 1281 1429 existimant.
1343 1383 1443 1439 Ego
1465 1383 1520 1426 de
1540 1395 1620 1426 no-

797 1496 1003 1511 “mm“

139 1566 177 1595 et
192 1565 247 1595 est
261 1563 538 1605 supervacuum!
564 1565 763 1598 Turrem—⁷
787 1565 917 1607 Ultraj.
934 1568 966 1598 l.
991 1564 1196 1597 Consularem
1212 1562 1356 1595 Marium
1366 1572 1380 1601 ‚-
1403 1559 1526 1593 Leidd.
1542 1561 1573 1592 1.
1586 1561 1620 1592 5.

141 1607 182 1639 C.
200 1606 342 1639 Marium
352 1617 365 1645 ;
389 1607 519 1641 Medic.
535 1611 568 1641 l.
605 1610 644 1641 C.
664 1613 768 1641 autem
791 1609 936 1641 Marium
948 1620 960 1647 ,-
985 1608 1116 1640 Medic.
1132 1610 1164 1640 2.
1205 1607 1318 1639 Caium
1339 1606 1439 1638 etium
1453 1603 1621 1640 Marium

139 1649 268 1691 Ultraj.
280 1652 313 1683 2.
332 1651 535 1684 Consularem
550 1662 629 1693 erga
644 1653 784 1684 Mariam
791 1664 804 1692 ‚·
817 1653 914 1695 Mog.
928 1652 1133 1685 Consularem
1145 1660 1220 1691 ergo
1233 1649 1388 1683 Mar-ium.
1415 1648 1528 1680 Paulo
1541 1651 1621 1688 post

140 1693 262 1725 multae
278 1693 358 1725 edd.
374 1699 454 1727 ante
470 1695 631 1738 Pighinm
646 1695 789 1737 habent,
807 1697 943 1729 latebras
958 1697 1100 1735 evadere,
1115 1701 1236 1727 contra
1253 1687 1499 1726 auctoiitstem
1515 1689 1619 1723 codd.

138 1737 286 1770 ‘Pori-en.
332 1738 431 1780 Mog.
457 1743 494 1772 et
516 1739 660 1772 Mediol.
685 1742 782 1772 3.-8
805 1740 863 1772 Ita
878 1739 1010 1772 Brand.
1029 1742 1059 1772 1.
1075 1741 1108 1771 2.
1135 1742 1172 1771 et
1195 1747 1313 1770 omnes
1330 1735 1431 1769 codd.
1458 1734 1561 1775 Pigh.
1583 1738 1622 1766 et

138 1781 286 1813 Tot-ren.
301 1791 378 1814 cum
396 1782 476 1815 Vet.
493 1783 589 1824 Mog.
602 1783 746 1816 Venett.
762 1788 798 1816 et
815 1784 959 1816 Mediol.
982 1793 1052 1816 cum
1067 1792 1125 1825 quo
1141 1782 1223 1814 mori
1237 1779 1344 1813 Aldd.
1358 1779 1471 1813 Colin.
1485 1777 1620 1820 Gryph.

138 1823 261 1866 steph.
277 1829 408 1858 ceterae
423 1831 507 1859 ante
524 1827 692 1870 Pigh.-9
715 1828 863 1861 Venett.
880 1827 988 1860 Aldd.
1003 1832 1040 1859 et
1056 1826 1165 1859 ceteri
1180 1825 1340 1858 deveniret
1352 1834 1365 1863 ;
1389 1822 1480 1866 quod
1505 1825 1559 1853 est
1584 1820 1620 1852 in

138 1868 266 1910 Copes.
289 1870 400 1911 quint.
428 1874 466 1903 et
490 1875 581 1904 sext.
623 1871 694 1904 Sed
717 1872 815 1914 Mog.
839 1876 876 1904 et
897 1871 1040 1904 Mediol.
1061 1870 1257 1912 perveniret,
1279 1872 1318 1901 ut
1334 1867 1500 1900 exhibent
1516 1864 1620 1898 Harl.

140 1911 213 1961 Bit.
241 1916 279 1944 et
304 1913 410 1946 Barb.
440 1913 543 1955 primi
572 1924 651 1946 cum
682 1920 828 1958 utroque
854 1915 1069 1958 Ultraj.—10
1092 1912 1266 1946 Perizonii
1293 1911 1371 1944 cod.
1402 1912 1620 1946 concinentem:

141 1954 238 1987 Leid.
254 1958 288 1989 6.
312 1956 415 1990 Harl.
431 1957 538 1990 Bai-b.
554 1960 584 1990 l.
608 1965 646 1991 et
661 1959 791 1992 Medic.
805 1963 839 1992 2.
863 1960 1140 1992 manantem—ll
1168 1955 1338 1990 Nonnulli
1353 1954 1455 1987 codd.
1471 1954 1618 1985 Torren.

141 1999 226 2031 Eum
242 2009 370 2043 porum,
393 2002 447 2034 vel
472 2002 557 2034 Eum
578 2012 703 2048 perum,
727 2004 782 2035 vel
798 2003 994 2045 Eumporum
1008 2002 1155 2034 habent:
1180 2000 1310 2042 Ultraj.
1326 2001 1357 2032 1.
1380 1998 1438 2031 alii
1452 1997 1619 2030 Philocra-

805 2091 838 2124 N
843 2090 948 2124 OTAE

180 2161 196 2184 b
220 2162 385 2196 Consulem
408 2167 513 2198 autem
538 2166 576 2199 C.
604 2167 766 2210 Marium]
814 2167 850 2200 is

139 2215 179 2246 C.
198 2214 302 2246 Marii
318 2214 449 2257 septies
465 2216 622 2250 Consulis
636 2217 727 2251 filius
742 2228 761 2250 u
778 2219 849 2261 ple·

137 2267 253 2309 risque
267 2266 489 2308 perhibetur;
503 2268 594 2301 illius
606 2270 717 2302 velex
728 2269 852 2313 fratre,

138 2318 194 2349 vel
220 2328 264 2350 ex
287 2328 402 2352 sorore
427 2328 536 2362 nepos
561 2320 689 2354 dicitur
714 2321 759 2354 ab
776 2321 848 2365 Ap·

135 2370 251 2411 piano.
296 2370 418 2413 Nepos
440 2376 478 2405 et
498 2371 726 2407 Gratidianus
748 2384 848 2408 voca-

136 2426 195 2453 tur
212 2420 255 2453 ab
272 2421 435 2455 Eusebio.

184 2477 200 2494 ⁶
237 2473 444 2506 Proenestinae
478 2474 663 2518 obsidionis]
707 2476 848 2519 Ingenti

136 2523 258 2567 praelio
274 2525 385 2558 victus
402 2535 422 2558 a
436 2526 531 2568 Sylla
553 2528 736 2561 Praeneste
751 2527 847 2571 fuge-

138 2579 205 2615 rat,
231 2574 289 2607 ubi
316 2581 414 2608 arcte
441 2577 600 2610 obsessus
627 2579 714 2612 miro
740 2589 847 2622 opere

137 2626 312 2658 cuniculos
331 2628 483 2670 (meatus
505 2633 585 2661 sunt
610 2630 848 2674 subterranei)

137 2676 172 2707 in
189 2675 343 2710 diversas
358 2679 431 2721 agri
454 2685 572 2722 partes
587 2680 702 2724 duxit,
722 2682 751 2715 si
779 2692 848 2726 qua

138 2725 230 2758 forte
246 2727 302 2758 via
318 2728 466 2761 evadere
482 2737 610 2772 posset.

180 2776 197 2799 θ
219 2778 247 2811 Α
268 2778 421 2822 Telesino]
446 2779 515 2814 Alii
531 2792 591 2815 sua
607 2792 720 2823 mann,
747 2783 804 2816 alii
827 2793 847 2816 a

902 2166 1084 2199 Thelesino
1100 2163 1210 2197 fratre
1225 2164 1369 2205 minore,
1395 2162 1455 2195 alii
1476 2171 1496 2194 a
1510 2160 1617 2204 Syuae

904 2217 1086 2258 militibus,
1103 2226 1181 2249 cum
1197 2225 1216 2248 e
1231 2218 1325 2248 terra
1339 2213 1550 2254 emersisset,
1567 2214 1617 2244 in-

905 2274 1091 2302 teremtum
1108 2267 1238 2300 volunt.

948 2318 968 2338 ⁴¹
980 2318 1048 2352 An.
1063 2319 1114 2352 Μ.
1129 2320 1228 2352 3972.
1253 2317 1313 2351 01.
1330 2319 1403 2349 174.
1420 2318 1452 2349 3.
1474 2314 1559 2348 Urb.
1576 2315 1617 2347 C.

900 2373 978 2405 6⁷1.
1000 2370 1085 2404 Ant.
1101 2370 1164 2403 Ch.
1180 2372 1235 2402 81.

945 2427 960 2444 θ
983 2421 1177 2464 Philocrati]
1198 2419 1334 2452 Velleio
1350 2419 1524 2460 Euporus,
1538 2415 1615 2448 Ma-

902 2474 1021 2508 crobio
1038 2475 1211 2515 Europus,
1229 2470 1373 2504 Aurelio
1387 2468 1524 2501 Victori
1546 2468 1616 2499 Eu-

903 2527 1044 2568 phorus,
1057 2523 1244 2557 Plutarcho
1259 2527 1296 2554 et
1311 2521 1385 2553 aliis
1397 2519 1616 2552 Philocrates

902 2577 1042 2610 dicitur.
1090 2573 1276 2609 Nonnullis
1292 2573 1408 2614 placet
1423 2569 1515 2612 apud
1531 2569 1616 2602 Plu-

902 2629 1059 2663 tarchum
1082 2630 1267 2667 utrumque
1292 2622 1336 2656 ab
1359 2621 1516 2654 hostibus
1531 2630 1616 2663 cap-

903 2685 976 2713 tum
1014 2687 1102 2719 esse,
1140 2681 1178 2708 et
1214 2674 1450 2707 Philocratem
1487 2681 1615 2716 corpus

903 2729 1053 2764 Gracchi
1084 2738 1151 2760 sno
1175 2726 1318 2766 texisse,
1353 2724 1466 2757 donec
1495 2723 1613 2758 multis

902 2781 1084 2816 confossus
1099 2777 1298 2812 vulneribus
1313 2774 1490 2810 ceciderit.
