<?xml version="1.0" encoding="UTF-8"?>
<!DOCTYPE html PUBLIC "-//W3C//DTD XHTML 1.0 Transitional//EN"
    "http://www.w3.org/TR/xhtml1/DTD/xhtml1-transitional.dtd">
<html xmlns="http://www.w3.org/1999/xhtml" xml:lang="en" lang="en">
 <head>
  <title>
</title>
<meta http-equiv="Content-Type" content="text/html;charset=utf-8" />
  <meta name='ocr-system' content='tesseract 3.04.00' />
  <meta name='ocr-capabilities' content='ocr_page ocr_carea ocr_par ocr_line ocrx_word'/>
</head>
<body>
  <div class='ocr_page' id='page_1' title='image "./factorumdictorum02valeuoft_0097.png"; bbox 0 0 1878 3132; ppageno 0'>
   <div class='ocr_carea' id='block_1_1' title="bbox 440 166 1669 210">
    <p class='ocr_par' dir='ltr' id='par_1_1' title="bbox 440 166 1669 210">
     <span class='ocr_line' id='line_1_1' title="bbox 440 166 1669 210; baseline -0.001 1"><span class='ocrx_word' id='word_1_1' title='bbox 440 179 548 210; x_wconf 64' lang='lat' dir='ltr'><strong>cae.</strong></span> <span class='ocrx_word' id='word_1_2' title='bbox 574 177 640 209; x_wconf 82' lang='grc' dir='ltr'><strong>ιν.</strong></span> <span class='ocrx_word' id='word_1_3' title='bbox 676 176 739 208; x_wconf 75' lang='lat' dir='ltr'><strong>nn</strong></span> <span class='ocrx_word' id='word_1_4' title='bbox 773 174 991 207; x_wconf 70' lang='lat' dir='ltr'><strong>Prwm‘rn</strong></span> <span class='ocrx_word' id='word_1_5' title='bbox 1027 172 1078 207; x_wconf 70' lang='lat' dir='ltr'><strong>tu</strong></span> <span class='ocrx_word' id='word_1_6' title='bbox 1114 175 1396 209; x_wconf 67' lang='lat' dir='ltr'><strong>PARENTES.</strong></span> <span class='ocrx_word' id='word_1_7' title='bbox 1580 166 1669 210; x_wconf 80' lang='lat'><strong>553</strong></span> 
     </span>
    </p>
   </div>
   <div class='ocr_carea' id='block_1_2' title="bbox 178 272 1669 884">
    <p class='ocr_par' dir='ltr' id='par_1_2' title="bbox 178 272 1669 884">
     <span class='ocr_line' id='line_1_2' title="bbox 179 272 1669 333; baseline -0.003 -12"><span class='ocrx_word' id='word_1_8' title='bbox 179 276 476 333; x_wconf 82' lang='lat' dir='ltr'><strong>ignorantiam</strong></span> <span class='ocrx_word' id='word_1_9' title='bbox 505 274 668 332; x_wconf 86' lang='lat' dir='ltr'><strong>pietati</strong></span> <span class='ocrx_word' id='word_1_10' title='bbox 703 272 876 316; x_wconf 83' lang='lat' dir='ltr'><strong>notitiae</strong></span> <span class='ocrx_word' id='word_1_11' title='bbox 904 272 1054 315; x_wconf 85' lang='lat' dir='ltr'><strong>lumen</strong></span> <span class='ocrx_word' id='word_1_12' title='bbox 1087 272 1337 317; x_wconf 86' lang='lat' dir='ltr'><strong>admoveo.·</strong></span> <span class='ocrx_word' id='word_1_13' title='bbox 1396 273 1524 318; x_wconf 88' lang='lat' dir='ltr'><strong>Sicut</strong></span> <span class='ocrx_word' id='word_1_14' title='bbox 1554 275 1669 331; x_wconf 90' lang='lat' dir='ltr'><strong>Scy-</strong></span> 
     </span>
     <span class='ocr_line' id='line_1_3' title="bbox 180 342 1665 401; baseline -0.002 -11"><span class='ocrx_word' id='word_1_15' title='bbox 180 348 268 390; x_wconf 85' lang='lat' dir='ltr'><strong>this</strong></span> <span class='ocrx_word' id='word_1_16' title='bbox 282 351 317 380; x_wconf 87' lang='lat'><strong>⁵⁷</strong></span> <span class='ocrx_word' id='word_1_17' title='bbox 327 353 344 380; x_wconf 77' lang='grc' dir='ltr'><strong>Ρ</strong></span> <span class='ocrx_word' id='word_1_18' title='bbox 374 346 565 388; x_wconf 83' lang='lat' dir='ltr'><strong>libenter</strong></span> <span class='ocrx_word' id='word_1_19' title='bbox 582 343 766 401; x_wconf 85' lang='lat' dir='ltr'><strong>pietatis</strong></span> <span class='ocrx_word' id='word_1_20' title='bbox 786 342 1093 385; x_wconf 82' lang='lat' dir='ltr'><strong>testimonium</strong></span> <span class='ocrx_word' id='word_1_21' title='bbox 1123 342 1279 385; x_wconf 88' lang='lat' dir='ltr'><strong>reddo.</strong></span> <span class='ocrx_word' id='word_1_22' title='bbox 1339 343 1518 386; x_wconf 82' lang='lat' dir='ltr'><strong>Darioq</strong></span> <span class='ocrx_word' id='word_1_23' title='bbox 1547 345 1665 387; x_wconf 91' lang='lat' dir='ltr'><strong>enim</strong></span> 
     </span>
     <span class='ocr_line' id='line_1_4' title="bbox 178 411 1667 470; baseline -0.002 -11"><span class='ocrx_word' id='word_1_24' title='bbox 178 417 292 459; x_wconf 88' lang='lat' dir='ltr'><strong>totis</strong></span> <span class='ocrx_word' id='word_1_25' title='bbox 307 416 342 447; x_wconf 76' lang='lat'><strong>⁵⁸</strong></span> <span class='ocrx_word' id='word_1_26' title='bbox 373 415 495 470; x_wconf 85' lang='lat' dir='ltr'><strong>regni</strong></span> <span class='ocrx_word' id='word_1_27' title='bbox 526 415 599 457; x_wconf 77' lang='lat' dir='ltr'><strong>sui</strong></span> <span class='ocrx_word' id='word_1_28' title='bbox 621 414 793 457; x_wconf 85' lang='lat' dir='ltr'><strong>viribus</strong></span> <span class='ocrx_word' id='word_1_29' title='bbox 823 412 869 454; x_wconf 89' lang='lat' dir='ltr'><strong>in</strong></span> <span class='ocrx_word' id='word_1_30' title='bbox 900 425 1056 454; x_wconf 88' lang='lat' dir='ltr'><strong>eorum</strong></span> <span class='ocrx_word' id='word_1_31' title='bbox 1094 411 1345 466; x_wconf 83' lang='lat' dir='ltr'><strong>regiones⁵⁹</strong></span> <span class='ocrx_word' id='word_1_32' title='bbox 1374 413 1562 456; x_wconf 83' lang='lat' dir='ltr'><strong>subinde</strong></span> <span class='ocrx_word' id='word_1_33' title='bbox 1582 414 1667 456; x_wconf 86' lang='lat' dir='ltr'><strong>im-</strong></span> 
     </span>
     <span class='ocr_line' id='line_1_5' title="bbox 180 481 1669 542; baseline -0.002 -14"><span class='ocrx_word' id='word_1_34' title='bbox 180 490 332 542; x_wconf 85' lang='lat' dir='ltr'><strong>petum</strong></span> <span class='ocrx_word' id='word_1_35' title='bbox 351 484 550 533; x_wconf 82' lang='lat' dir='ltr'><strong>facienti,</strong></span> <span class='ocrx_word' id='word_1_36' title='bbox 572 482 795 538; x_wconf 87' lang='lat' dir='ltr'><strong>paulatim</strong></span> <span class='ocrx_word' id='word_1_37' title='bbox 819 482 1048 534; x_wconf 87' lang='lat' dir='ltr'><strong>cedentes,</strong></span> <span class='ocrx_word' id='word_1_38' title='bbox 1069 481 1127 524; x_wconf 84' lang='lat' dir='ltr'><strong>ad</strong></span> <span class='ocrx_word' id='word_1_39' title='bbox 1158 481 1340 524; x_wconf 86' lang='lat' dir='ltr'><strong>ultimas</strong></span> <span class='ocrx_word' id='word_1_40' title='bbox 1358 481 1488 524; x_wconf 76' lang='lat' dir='ltr'><strong>Asiae</strong></span> <span class='ocrx_word' id='word_1_41' title='bbox 1507 482 1669 526; x_wconf 50' lang='lat' dir='ltr'><strong>solitus</strong></span> 
     </span>
     <span class='ocr_line' id='line_1_6' title="bbox 182 549 1669 608; baseline -0.001 -12"><span class='ocrx_word' id='word_1_42' title='bbox 182 551 358 597; x_wconf 84' lang='lat' dir='ltr'><strong>dines⁶0</strong></span> <span class='ocrx_word' id='word_1_43' title='bbox 387 556 696 608; x_wconf 87' lang='lat' dir='ltr'><strong>pervenerant.</strong></span> <span class='ocrx_word' id='word_1_44' title='bbox 757 549 1067 605; x_wconf 87' lang='lat' dir='ltr'><strong>Interrogati⁶¹</strong></span> <span class='ocrx_word' id='word_1_45' title='bbox 1100 550 1265 592; x_wconf 87' lang='lat' dir='ltr'><strong>deinde</strong></span> <span class='ocrx_word' id='word_1_46' title='bbox 1286 551 1343 592; x_wconf 86' lang='lat' dir='ltr'><strong>ab</strong></span> <span class='ocrx_word' id='word_1_47' title='bbox 1363 563 1417 593; x_wconf 87' lang='lat' dir='ltr'><strong>eo</strong></span> <span class='ocrx_word' id='word_1_48' title='bbox 1447 564 1526 606; x_wconf 89' lang='lat' dir='ltr'><strong>per</strong></span> <span class='ocrx_word' id='word_1_49' title='bbox 1545 552 1669 606; x_wconf 86' lang='lat' dir='ltr'><strong>lega-</strong></span> 
     </span>
     <span class='ocr_line' id='line_1_7' title="bbox 180 619 1667 678; baseline -0.001 -13"><span class='ocrx_word' id='word_1_50' title='bbox 180 627 266 674; x_wconf 85' lang='lat' dir='ltr'><strong>tos,</strong></span> <span class='ocrx_word' id='word_1_51' title='bbox 285 625 442 678; x_wconf 90' lang='lat' dir='ltr'><strong>‘quem</strong></span> <span class='ocrx_word' id='word_1_52' title='bbox 468 621 671 676; x_wconf 83' lang='lat' dir='ltr'><strong>fugiendi</strong></span> <span class='ocrx_word' id='word_1_53' title='bbox 694 620 842 672; x_wconf 84' lang='lat' dir='ltr'><strong>finem,</strong></span> <span class='ocrx_word' id='word_1_54' title='bbox 864 623 943 663; x_wconf 88' lang='lat' dir='ltr'><strong>aut</strong></span> <span class='ocrx_word' id='word_1_55' title='bbox 961 619 1085 676; x_wconf 91' lang='lat' dir='ltr'><strong>quod</strong></span> <span class='ocrx_word' id='word_1_56' title='bbox 1115 620 1292 662; x_wconf 88' lang='lat' dir='ltr'><strong>initium</strong></span> <span class='ocrx_word' id='word_1_57' title='bbox 1321 619 1550 675; x_wconf 88' lang='lat' dir='ltr'><strong>pugnandi</strong></span> <span class='ocrx_word' id='word_1_58' title='bbox 1571 619 1667 663; x_wconf 89' lang='lat' dir='ltr'><strong>fac-</strong></span> 
     </span>
     <span class='ocr_line' id='line_1_8' title="bbox 178 689 1668 746; baseline -0.001 -12"><span class='ocrx_word' id='word_1_59' title='bbox 178 691 266 734; x_wconf 85' lang='lat' dir='ltr'><strong>turi</strong></span> <span class='ocrx_word' id='word_1_60' title='bbox 296 689 481 742; x_wconf 87' lang='lat' dir='ltr'><strong>essent,’</strong></span> <span class='ocrx_word' id='word_1_61' title='bbox 497 690 839 746; x_wconf 87' lang='lat' dir='ltr'><strong>responderunt,</strong></span> <span class='ocrx_word' id='word_1_62' title='bbox 862 691 876 711; x_wconf 89' lang='lat'>‘</span> <span class='ocrx_word' id='word_1_63' title='bbox 893 689 952 732; x_wconf 91' lang='lat' dir='ltr'><strong>Se</strong></span> <span class='ocrx_word' id='word_1_64' title='bbox 982 700 1068 731; x_wconf 91' lang='lat' dir='ltr'><strong>nec</strong></span> <span class='ocrx_word' id='word_1_65' title='bbox 1098 689 1234 731; x_wconf 88' lang='lat' dir='ltr'><strong>urbes</strong></span> <span class='ocrx_word' id='word_1_66' title='bbox 1263 689 1396 740; x_wconf 85' lang='lat' dir='ltr'><strong>ullas,</strong></span> <span class='ocrx_word' id='word_1_67' title='bbox 1417 702 1502 731; x_wconf 92' lang='lat' dir='ltr'><strong>nec</strong></span> <span class='ocrx_word' id='word_1_68' title='bbox 1533 702 1668 744; x_wconf 84' lang='lat' dir='ltr'><strong>agros</strong></span> 
     </span>
     <span class='ocr_line' id='line_1_9' title="bbox 181 757 1668 815; baseline -0.001 -12"><span class='ocrx_word' id='word_1_69' title='bbox 181 761 344 811; x_wconf 88' lang='lat' dir='ltr'><strong>cultos,</strong></span> <span class='ocrx_word' id='word_1_70' title='bbox 365 772 453 815; x_wconf 87' lang='lat' dir='ltr'><strong>pro</strong></span> <span class='ocrx_word' id='word_1_71' title='bbox 478 760 644 814; x_wconf 88' lang='lat' dir='ltr'><strong>quibus</strong></span> <span class='ocrx_word' id='word_1_72' title='bbox 670 760 949 810; x_wconf 85' lang='lat' dir='ltr'><strong>dimicarent,</strong></span> <span class='ocrx_word' id='word_1_73' title='bbox 981 758 1162 802; x_wconf 90' lang='lat' dir='ltr'><strong>habere.</strong></span> <span class='ocrx_word' id='word_1_74' title='bbox 1223 757 1437 800; x_wconf 83' lang='lat' dir='ltr'><strong>Ceterum</strong></span> <span class='ocrx_word' id='word_1_75' title='bbox 1471 771 1576 800; x_wconf 91' lang='lat' dir='ltr'><strong>cum</strong></span> <span class='ocrx_word' id='word_1_76' title='bbox 1609 758 1668 801; x_wconf 90' lang='lat' dir='ltr'><strong>ad</strong></span> 
     </span>
     <span class='ocr_line' id='line_1_10' title="bbox 181 826 1668 884; baseline -0.001 -12"><span class='ocrx_word' id='word_1_77' title='bbox 181 833 417 884; x_wconf 83' lang='lat' dir='ltr'><strong>parentum</strong></span> <span class='ocrx_word' id='word_1_78' title='bbox 447 841 628 871; x_wconf 91' lang='lat' dir='ltr'><strong>suorum</strong></span> <span class='ocrx_word' id='word_1_79' title='bbox 657 833 943 871; x_wconf 87' lang='lat' dir='ltr'><strong>monumenta</strong></span> <span class='ocrx_word' id='word_1_80' title='bbox 961 826 1247 880; x_wconf 84' lang='lat' dir='ltr'><strong>venissent‚⁶²</strong></span> <span class='ocrx_word' id='word_1_81' title='bbox 1277 827 1493 870; x_wconf 86' lang='lat' dir='ltr'><strong>sciturum</strong></span> <span class='ocrx_word' id='word_1_82' title='bbox 1514 840 1668 883; x_wconf 87' lang='lat' dir='ltr'><strong>quem-</strong></span> 
     </span>
    </p>
   </div>
   <div class='ocr_carea' id='block_1_3' title="bbox 178 973 1666 1105">
    <p class='ocr_par' dir='ltr' id='par_1_3' title="bbox 178 973 1666 1105">
     <span class='ocr_line' id='line_1_11' title="bbox 221 973 1666 1015; baseline -0.001 -8"><span class='ocrx_word' id='word_1_83' title='bbox 221 980 235 997; x_wconf 79' lang='lat'>·</span> <span class='ocrx_word' id='word_1_84' title='bbox 249 975 358 1008; x_wconf 86' lang='lat' dir='ltr'><strong>Nolim</strong></span> <span class='ocrx_word' id='word_1_85' title='bbox 370 984 429 1015; x_wconf 83' lang='lat' dir='ltr'><strong>ego</strong></span> <span class='ocrx_word' id='word_1_86' title='bbox 441 974 580 1007; x_wconf 84' lang='lat' dir='ltr'><strong>minuere</strong></span> <span class='ocrx_word' id='word_1_87' title='bbox 593 974 718 1007; x_wconf 81' lang='lat' dir='ltr'><strong>laudem</strong></span> <span class='ocrx_word' id='word_1_88' title='bbox 731 974 928 1015; x_wconf 77' lang='lat' dir='ltr'><strong>Argivorum</strong></span> <span class='ocrx_word' id='word_1_89' title='bbox 944 974 1071 1007; x_wconf 78' lang='lat' dir='ltr'><strong>Cleobis</strong></span> <span class='ocrx_word' id='word_1_90' title='bbox 1084 978 1116 1006; x_wconf 81' lang='lat' dir='ltr'><strong>et</strong></span> <span class='ocrx_word' id='word_1_91' title='bbox 1130 973 1271 1015; x_wconf 78' lang='lat' dir='ltr'><strong>Bitonis,</strong></span> <span class='ocrx_word' id='word_1_92' title='bbox 1283 985 1340 1006; x_wconf 85' lang='lat' dir='ltr'><strong>nec</strong></span> <span class='ocrx_word' id='word_1_93' title='bbox 1350 974 1515 1007; x_wconf 78' lang='lat' dir='ltr'><strong>obscurare</strong></span> <span class='ocrx_word' id='word_1_94' title='bbox 1526 975 1666 1014; x_wconf 80' lang='lat' dir='ltr'><strong>gloriam</strong></span> 
     </span>
     <span class='ocr_line' id='line_1_12' title="bbox 178 1017 1666 1061; baseline 0 -10"><span class='ocrx_word' id='word_1_95' title='bbox 178 1017 381 1060; x_wconf 64' lang='lat' dir='ltr'><strong>Amphis-omi</strong></span> <span class='ocrx_word' id='word_1_96' title='bbox 393 1022 424 1050; x_wconf 81' lang='lat' dir='ltr'><strong>et</strong></span> <span class='ocrx_word' id='word_1_97' title='bbox 439 1018 560 1060; x_wconf 80' lang='lat' dir='ltr'><strong>Anapi,</strong></span> <span class='ocrx_word' id='word_1_98' title='bbox 571 1019 626 1061; x_wconf 78' lang='lat' dir='ltr'><strong>qui</strong></span> <span class='ocrx_word' id='word_1_99' title='bbox 637 1018 762 1051; x_wconf 83' lang='lat' dir='ltr'><strong>radices</strong></span> <span class='ocrx_word' id='word_1_100' title='bbox 777 1019 894 1051; x_wconf 77' lang='lat' dir='ltr'><strong>montis</strong></span> <span class='ocrx_word' id='word_1_101' title='bbox 904 1019 1015 1051; x_wconf 86' lang='lat' dir='ltr'><strong>AElnae</strong></span> <span class='ocrx_word' id='word_1_102' title='bbox 1029 1019 1228 1057; x_wconf 77' lang='lat' dir='ltr'><strong>incolebant3</strong></span> <span class='ocrx_word' id='word_1_103' title='bbox 1242 1029 1350 1051; x_wconf 78' lang='lat' dir='ltr'><strong>verum</strong></span> <span class='ocrx_word' id='word_1_104' title='bbox 1358 1019 1514 1061; x_wconf 80' lang='lat' dir='ltr'><strong>pietatem</strong></span> <span class='ocrx_word' id='word_1_105' title='bbox 1523 1018 1560 1051; x_wconf 83' lang='lat' dir='ltr'><strong>ob</strong></span> <span class='ocrx_word' id='word_1_106' title='bbox 1573 1018 1666 1059; x_wconf 76' lang='lat' dir='ltr'><strong>iguo·</strong></span> 
     </span>
     <span class='ocr_line' id='line_1_13' title="bbox 180 1062 1144 1105; baseline 0 -11"><span class='ocrx_word' id='word_1_107' title='bbox 180 1062 319 1096; x_wconf 72' lang='lat' dir='ltr'><strong>ranliam</strong></span> <span class='ocrx_word' id='word_1_108' title='bbox 334 1062 438 1095; x_wconf 79' lang='lat' dir='ltr'><strong>minus</strong></span> <span class='ocrx_word' id='word_1_109' title='bbox 448 1065 554 1095; x_wconf 77' lang='lat' dir='ltr'><strong>notam</strong></span> <span class='ocrx_word' id='word_1_110' title='bbox 566 1062 716 1105; x_wconf 85' lang='lat' dir='ltr'><strong>proedico,</strong></span> <span class='ocrx_word' id='word_1_111' title='bbox 731 1065 766 1095; x_wconf 74' lang='lat' dir='ltr'><strong>ul</strong></span> <span class='ocrx_word' id='word_1_112' title='bbox 781 1072 889 1095; x_wconf 87' lang='lat' dir='ltr'><strong>omnes</strong></span> <span class='ocrx_word' id='word_1_113' title='bbox 901 1062 990 1095; x_wconf 81' lang='lat' dir='ltr'><strong>illam</strong></span> <span class='ocrx_word' id='word_1_114' title='bbox 1004 1062 1144 1095; x_wconf 82' lang='lat' dir='ltr'><strong>laudent.</strong></span> 
     </span>
    </p>
   </div>
   <div class='ocr_carea' id='block_1_4' title="bbox 799 1159 821 1171">
    <p class='ocr_par' dir='ltr' id='par_1_4' title="bbox 799 1159 821 1171">
     <span class='ocr_line' id='line_1_14' title="bbox 799 1159 821 1171; baseline 0 0"><span class='ocrx_word' id='word_1_115' title='bbox 799 1159 821 1171; x_wconf 47' lang='lat' dir='ltr'>ff</span> 
     </span>
    </p>
   </div>
   <div class='ocr_carea' id='block_1_5' title="bbox 823 1159 1048 1172">
    <p class='ocr_par' dir='ltr' id='par_1_5' title="bbox 823 1159 1048 1172">
     <span class='ocr_line' id='line_1_15' title="bbox 823 1159 1048 1172; baseline 0 1960"><span class='ocrx_word' id='word_1_116' title='bbox 823 1159 1048 1172; x_wconf 95' lang='lat' dir='ltr'><strong> </strong></span> 
     </span>
    </p>
   </div>
   <div class='ocr_carea' id='block_1_6' title="bbox 177 1225 1669 2186">
    <p class='ocr_par' dir='ltr' id='par_1_6' title="bbox 177 1225 1669 2186">
     <span class='ocr_line' id='line_1_16' title="bbox 179 1225 1669 1268; baseline 0.001 -10"><span class='ocrx_word' id='word_1_117' title='bbox 179 1225 262 1258; x_wconf 79' lang='lat' dir='ltr'><strong>riori</strong></span> <span class='ocrx_word' id='word_1_118' title='bbox 271 1228 398 1258; x_wconf 69' lang='lat' dir='ltr'><strong>tantum</strong></span> <span class='ocrx_word' id='word_1_119' title='bbox 409 1228 540 1267; x_wconf 76' lang='lat' dir='ltr'><strong>propter</strong></span> <span class='ocrx_word' id='word_1_120' title='bbox 553 1225 768 1266; x_wconf 80' lang='lat' dir='ltr'><strong>ignorantiam</strong></span> <span class='ocrx_word' id='word_1_121' title='bbox 782 1227 899 1268; x_wconf 80' lang='lat' dir='ltr'><strong>pietati</strong></span> <span class='ocrx_word' id='word_1_122' title='bbox 908 1227 1034 1260; x_wconf 78' lang='lat' dir='ltr'><strong>notitioe</strong></span> <span class='ocrx_word' id='word_1_123' title='bbox 1046 1228 1150 1260; x_wconf 83' lang='lat' dir='ltr'><strong>lumen</strong></span> <span class='ocrx_word' id='word_1_124' title='bbox 1160 1228 1408 1260; x_wconf 56' lang='lat' dir='ltr'><strong>admoveo—57</strong></span> <span class='ocrx_word' id='word_1_125' title='bbox 1426 1227 1524 1259; x_wconf 90' lang='lat' dir='ltr'><strong>Unus</strong></span> <span class='ocrx_word' id='word_1_126' title='bbox 1537 1226 1669 1260; x_wconf 85' lang='lat' dir='ltr'><strong>Brand.</strong></span> 
     </span>
     <span class='ocr_line' id='line_1_17' title="bbox 180 1263 1666 1314; baseline -0.001 -11"><span class='ocrx_word' id='word_1_127' title='bbox 180 1263 239 1303; x_wconf 73' lang='lat' dir='ltr'><strong>Sic</strong></span> <span class='ocrx_word' id='word_1_128' title='bbox 253 1268 385 1311; x_wconf 75' lang='lat' dir='ltr'><strong>Scythis</strong></span> <span class='ocrx_word' id='word_1_129' title='bbox 393 1279 406 1307; x_wconf 90' lang='lat'><strong>‚·</strong></span> <span class='ocrx_word' id='word_1_130' title='bbox 429 1269 555 1310; x_wconf 89' lang='lat' dir='ltr'><strong>Copes.</strong></span> <span class='ocrx_word' id='word_1_131' title='bbox 578 1269 636 1302; x_wconf 80' lang='lat' dir='ltr'><strong>Sic</strong></span> <span class='ocrx_word' id='word_1_132' title='bbox 662 1273 694 1302; x_wconf 82' lang='lat' dir='ltr'><strong>et</strong></span> <span class='ocrx_word' id='word_1_133' title='bbox 720 1269 874 1313; x_wconf 80' lang='lat' dir='ltr'><strong>Scythis,·</strong></span> <span class='ocrx_word' id='word_1_134' title='bbox 896 1273 987 1304; x_wconf 84' lang='lat' dir='ltr'><strong>unde</strong></span> <span class='ocrx_word' id='word_1_135' title='bbox 1009 1271 1212 1304; x_wconf 80' lang='lat' dir='ltr'><strong>Perizonius</strong></span> <span class='ocrx_word' id='word_1_136' title='bbox 1239 1271 1333 1313; x_wconf 89' lang='lat' dir='ltr'><strong>conj.</strong></span> <span class='ocrx_word' id='word_1_137' title='bbox 1358 1271 1451 1304; x_wconf 80' lang='lat' dir='ltr'><strong>Sicut</strong></span> <span class='ocrx_word' id='word_1_138' title='bbox 1475 1274 1506 1303; x_wconf 79' lang='lat' dir='ltr'><strong>el</strong></span> <span class='ocrx_word' id='word_1_139' title='bbox 1522 1270 1666 1314; x_wconf 74' lang='lat' dir='ltr'><strong>Scythis,</strong></span> 
     </span>
     <span class='ocr_line' id='line_1_18' title="bbox 180 1313 1667 1357; baseline 0.001 -12"><span class='ocrx_word' id='word_1_140' title='bbox 180 1313 288 1356; x_wconf 82' lang='lat' dir='ltr'><strong>quod,</strong></span> <span class='ocrx_word' id='word_1_141' title='bbox 303 1313 623 1355; x_wconf 74' lang='lat' dir='ltr'><strong>inquit&#39;l&#39;orrenius,</strong></span> <span class='ocrx_word' id='word_1_142' title='bbox 647 1322 715 1345; x_wconf 87' lang='lat' dir='ltr'><strong>non</strong></span> <span class='ocrx_word' id='word_1_143' title='bbox 730 1314 844 1355; x_wconf 88' lang='lat' dir='ltr'><strong>possit</strong></span> <span class='ocrx_word' id='word_1_144' title='bbox 858 1324 940 1348; x_wconf 81' lang='lat' dir='ltr'><strong>sane</strong></span> <span class='ocrx_word' id='word_1_145' title='bbox 952 1315 1151 1357; x_wconf 85' lang='lat' dir='ltr'><strong>displicere.</strong></span> <span class='ocrx_word' id='word_1_146' title='bbox 1199 1315 1241 1347; x_wconf 89' lang='lat' dir='ltr'><strong>In</strong></span> <span class='ocrx_word' id='word_1_147' title='bbox 1257 1315 1413 1357; x_wconf 85' lang='lat' dir='ltr'><strong>margine</strong></span> <span class='ocrx_word' id='word_1_148' title='bbox 1430 1315 1546 1348; x_wconf 81' lang='lat' dir='ltr'><strong>Coieri</strong></span> <span class='ocrx_word' id='word_1_149' title='bbox 1567 1314 1667 1346; x_wconf 85' lang='lat' dir='ltr'><strong>addi-</strong></span> 
     </span>
     <span class='ocr_line' id='line_1_19' title="bbox 181 1355 1667 1400; baseline 0 -10"><span class='ocrx_word' id='word_1_150' title='bbox 181 1361 261 1390; x_wconf 83' lang='lat' dir='ltr'><strong>tur:</strong></span> <span class='ocrx_word' id='word_1_151' title='bbox 294 1357 304 1374; x_wconf 90' lang='lat'>‘</span> <span class='ocrx_word' id='word_1_152' title='bbox 320 1356 426 1388; x_wconf 84' lang='lat' dir='ltr'><strong>Forte</strong></span> <span class='ocrx_word' id='word_1_153' title='bbox 451 1355 605 1389; x_wconf 80' lang='lat' dir='ltr'><strong>Si.&#39;—-58</strong></span> <span class='ocrx_word' id='word_1_154' title='bbox 628 1356 687 1389; x_wconf 85' lang='lat' dir='ltr'><strong>Ita</strong></span> <span class='ocrx_word' id='word_1_155' title='bbox 712 1358 873 1400; x_wconf 81' lang='lat' dir='ltr'><strong>Kappius</strong></span> <span class='ocrx_word' id='word_1_156' title='bbox 899 1369 943 1391; x_wconf 83' lang='lat' dir='ltr'><strong>ex</strong></span> <span class='ocrx_word' id='word_1_157' title='bbox 969 1359 1129 1392; x_wconf 88' lang='lat' dir='ltr'><strong>undecim</strong></span> <span class='ocrx_word' id='word_1_158' title='bbox 1145 1357 1246 1391; x_wconf 87' lang='lat' dir='ltr'><strong>codd.</strong></span> <span class='ocrx_word' id='word_1_159' title='bbox 1260 1359 1405 1392; x_wconf 81' lang='lat' dir='ltr'><strong>Torren.</strong></span> <span class='ocrx_word' id='word_1_160' title='bbox 1429 1365 1467 1391; x_wconf 88' lang='lat' dir='ltr'><strong>et</strong></span> <span class='ocrx_word' id='word_1_161' title='bbox 1481 1358 1562 1391; x_wconf 89' lang='lat' dir='ltr'><strong>edd.</strong></span> <span class='ocrx_word' id='word_1_162' title='bbox 1578 1363 1667 1391; x_wconf 85' lang='lat' dir='ltr'><strong>vett.</strong></span> 
     </span>
     <span class='ocr_line' id='line_1_20' title="bbox 178 1399 1666 1445; baseline -0.001 -12"><span class='ocrx_word' id='word_1_163' title='bbox 178 1401 290 1440; x_wconf 71' lang='lat' dir='ltr'><strong>totius,</strong></span> <span class='ocrx_word' id='word_1_164' title='bbox 313 1400 405 1442; x_wconf 88' lang='lat' dir='ltr'><strong>quod</strong></span> <span class='ocrx_word' id='word_1_165' title='bbox 419 1399 568 1432; x_wconf 84' lang='lat' dir='ltr'><strong>dederat</strong></span> <span class='ocrx_word' id='word_1_166' title='bbox 587 1400 740 1442; x_wconf 85' lang='lat' dir='ltr'><strong>Pighius,</strong></span> <span class='ocrx_word' id='word_1_167' title='bbox 763 1402 870 1434; x_wconf 87' lang='lat' dir='ltr'><strong>habet</strong></span> <span class='ocrx_word' id='word_1_168' title='bbox 885 1402 984 1435; x_wconf 85' lang='lat' dir='ltr'><strong>Leid.</strong></span> <span class='ocrx_word' id='word_1_169' title='bbox 996 1407 1029 1435; x_wconf 84' lang='lat'><strong>5.</strong></span> <span class='ocrx_word' id='word_1_170' title='bbox 1052 1401 1114 1435; x_wconf 81' lang='lat' dir='ltr'><strong>sed</strong></span> <span class='ocrx_word' id='word_1_171' title='bbox 1130 1406 1342 1445; x_wconf 85' lang='lat' dir='ltr'><strong>expunctum</strong></span> <span class='ocrx_word' id='word_1_172' title='bbox 1358 1407 1412 1434; x_wconf 89' lang='lat' dir='ltr'><strong>est</strong></span> <span class='ocrx_word' id='word_1_173' title='bbox 1427 1412 1460 1435; x_wconf 87' lang='lat' dir='ltr'><strong>u.</strong></span> <span class='ocrx_word' id='word_1_174' title='bbox 1505 1402 1666 1444; x_wconf 85' lang='lat' dir='ltr'><strong>Pighium</strong></span> 
     </span>
     <span class='ocr_line' id='line_1_21' title="bbox 181 1443 1666 1488; baseline 0.001 -12"><span class='ocrx_word' id='word_1_175' title='bbox 181 1445 294 1476; x_wconf 85' lang='lat' dir='ltr'><strong>secuti</strong></span> <span class='ocrx_word' id='word_1_176' title='bbox 310 1449 390 1475; x_wconf 84' lang='lat' dir='ltr'><strong>sunt</strong></span> <span class='ocrx_word' id='word_1_177' title='bbox 413 1443 528 1477; x_wconf 85' lang='lat' dir='ltr'><strong>Coier.</strong></span> <span class='ocrx_word' id='word_1_178' title='bbox 543 1444 651 1486; x_wconf 86' lang='lat' dir='ltr'><strong>Thys.</strong></span> <span class='ocrx_word' id='word_1_179' title='bbox 665 1445 794 1486; x_wconf 86' lang='lat' dir='ltr'><strong>Delph.</strong></span> <span class='ocrx_word' id='word_1_180' title='bbox 809 1450 846 1478; x_wconf 84' lang='lat' dir='ltr'><strong>et</strong></span> <span class='ocrx_word' id='word_1_181' title='bbox 859 1446 1068 1480; x_wconf 84' lang='lat' dir='ltr'><strong>Vorst.-59</strong></span> <span class='ocrx_word' id='word_1_182' title='bbox 1091 1446 1171 1478; x_wconf 87' lang='lat' dir='ltr'><strong>Hoc</strong></span> <span class='ocrx_word' id='word_1_183' title='bbox 1192 1456 1213 1478; x_wconf 86' lang='lat' dir='ltr'><strong>a</strong></span> <span class='ocrx_word' id='word_1_184' title='bbox 1234 1446 1360 1488; x_wconf 86' lang='lat' dir='ltr'><strong>Pighio</strong></span> <span class='ocrx_word' id='word_1_185' title='bbox 1377 1451 1454 1479; x_wconf 81' lang='lat' dir='ltr'><strong>est:</strong></span> <span class='ocrx_word' id='word_1_186' title='bbox 1479 1445 1560 1478; x_wconf 88' lang='lat' dir='ltr'><strong>edd.</strong></span> <span class='ocrx_word' id='word_1_187' title='bbox 1576 1450 1666 1478; x_wconf 88' lang='lat' dir='ltr'><strong>vett.</strong></span> 
     </span>
     <span class='ocr_line' id='line_1_22' title="bbox 180 1487 1666 1531; baseline 0.001 -11"><span class='ocrx_word' id='word_1_188' title='bbox 180 1496 259 1520; x_wconf 89' lang='lat' dir='ltr'><strong>cum</strong></span> <span class='ocrx_word' id='word_1_189' title='bbox 277 1487 450 1529; x_wconf 80' lang='lat' dir='ltr'><strong>plerisque</strong></span> <span class='ocrx_word' id='word_1_190' title='bbox 466 1487 568 1520; x_wconf 86' lang='lat' dir='ltr'><strong>codd.</strong></span> <span class='ocrx_word' id='word_1_191' title='bbox 583 1488 749 1520; x_wconf 84' lang='lat' dir='ltr'><strong>exhibent</strong></span> <span class='ocrx_word' id='word_1_192' title='bbox 763 1489 956 1530; x_wconf 72' lang='lat' dir='ltr'><strong>regionibus.</strong></span> <span class='ocrx_word' id='word_1_193' title='bbox 1002 1490 1076 1522; x_wconf 87' lang='lat' dir='ltr'><strong>Pro</strong></span> <span class='ocrx_word' id='word_1_194' title='bbox 1090 1489 1223 1522; x_wconf 78' lang='lat' dir='ltr'><strong>subinde</strong></span> <span class='ocrx_word' id='word_1_195' title='bbox 1235 1490 1322 1531; x_wconf 85' lang='lat' dir='ltr'><strong>cop.</strong></span> <span class='ocrx_word' id='word_1_196' title='bbox 1339 1490 1440 1522; x_wconf 89' lang='lat' dir='ltr'><strong>Leid.</strong></span> <span class='ocrx_word' id='word_1_197' title='bbox 1457 1494 1548 1522; x_wconf 86' lang='lat' dir='ltr'><strong>sext.</strong></span> <span class='ocrx_word' id='word_1_198' title='bbox 1562 1489 1666 1522; x_wconf 85' lang='lat' dir='ltr'><strong>Harl.</strong></span> 
     </span>
     <span class='ocr_line' id='line_1_23' title="bbox 180 1530 1666 1575; baseline 0.002 -13"><span class='ocrx_word' id='word_1_199' title='bbox 180 1530 277 1563; x_wconf 87' lang='lat' dir='ltr'><strong>Med.</strong></span> <span class='ocrx_word' id='word_1_200' title='bbox 302 1540 373 1563; x_wconf 86' lang='lat' dir='ltr'><strong>sec.</strong></span> <span class='ocrx_word' id='word_1_201' title='bbox 399 1535 436 1562; x_wconf 92' lang='lat' dir='ltr'><strong>et</strong></span> <span class='ocrx_word' id='word_1_202' title='bbox 462 1531 575 1563; x_wconf 82' lang='lat' dir='ltr'><strong>Periz.</strong></span> <span class='ocrx_word' id='word_1_203' title='bbox 599 1531 732 1564; x_wconf 89' lang='lat' dir='ltr'><strong>habent</strong></span> <span class='ocrx_word' id='word_1_204' title='bbox 756 1532 904 1565; x_wconf 81' lang='lat' dir='ltr'><strong>subitum.</strong></span> <span class='ocrx_word' id='word_1_205' title='bbox 951 1533 1044 1567; x_wconf 80' lang='lat' dir='ltr'><strong>Quia</strong></span> <span class='ocrx_word' id='word_1_206' title='bbox 1060 1543 1143 1565; x_wconf 87' lang='lat' dir='ltr'><strong>vero</strong></span> <span class='ocrx_word' id='word_1_207' title='bbox 1160 1533 1286 1566; x_wconf 83' lang='lat' dir='ltr'><strong>Darius</strong></span> <span class='ocrx_word' id='word_1_208' title='bbox 1303 1533 1390 1565; x_wconf 88' lang='lat' dir='ltr'><strong>hanc</strong></span> <span class='ocrx_word' id='word_1_209' title='bbox 1406 1533 1666 1575; x_wconf 86' lang='lat' dir='ltr'><strong>expeditionem</strong></span> 
     </span>
     <span class='ocr_line' id='line_1_24' title="bbox 178 1574 1666 1619; baseline 0.001 -12"><span class='ocrx_word' id='word_1_210' title='bbox 178 1574 288 1607; x_wconf 79' lang='lat' dir='ltr'><strong>semel</strong></span> <span class='ocrx_word' id='word_1_211' title='bbox 305 1574 543 1606; x_wconf 87' lang='lat' dir='ltr'><strong>tantummodo</strong></span> <span class='ocrx_word' id='word_1_212' title='bbox 557 1575 923 1616; x_wconf 84' lang='lat' dir='ltr'><strong>suscepit,Torrenius</strong></span> <span class='ocrx_word' id='word_1_213' title='bbox 939 1577 996 1609; x_wconf 79' lang='lat' dir='ltr'><strong>vel</strong></span> <span class='ocrx_word' id='word_1_214' title='bbox 1011 1577 1150 1609; x_wconf 77' lang='lat' dir='ltr'><strong>subitum</strong></span> <span class='ocrx_word' id='word_1_215' title='bbox 1176 1576 1440 1610; x_wconf 87' lang='lat' dir='ltr'><strong>rescribendum</strong></span> <span class='ocrx_word' id='word_1_216' title='bbox 1466 1580 1580 1619; x_wconf 90' lang='lat' dir='ltr'><strong>putat,</strong></span> <span class='ocrx_word' id='word_1_217' title='bbox 1608 1577 1666 1608; x_wconf 82' lang='lat' dir='ltr'><strong>vel</strong></span> 
     </span>
     <span class='ocr_line' id='line_1_25' title="bbox 178 1617 1664 1662; baseline 0.002 -13"><span class='ocrx_word' id='word_1_218' title='bbox 178 1617 310 1650; x_wconf 81' lang='lat' dir='ltr'><strong>subinde</strong></span> <span class='ocrx_word' id='word_1_219' title='bbox 333 1617 594 1659; x_wconf 85' lang='lat' dir='ltr'><strong>explicandum,</strong></span> <span class='ocrx_word' id='word_1_220' title='bbox 610 1619 690 1661; x_wconf 86' lang='lat' dir='ltr'><strong>quia</strong></span> <span class='ocrx_word' id='word_1_221' title='bbox 705 1619 852 1651; x_wconf 76' lang='lat' dir='ltr'><strong>subinde</strong></span> <span class='ocrx_word' id='word_1_222' title='bbox 870 1624 983 1652; x_wconf 82' lang='lat' dir='ltr'><strong>castra</strong></span> <span class='ocrx_word' id='word_1_223' title='bbox 1000 1621 1147 1653; x_wconf 87' lang='lat' dir='ltr'><strong>ulterius</strong></span> <span class='ocrx_word' id='word_1_224' title='bbox 1164 1620 1380 1662; x_wconf 85' lang='lat' dir='ltr'><strong>promoverit</strong></span> <span class='ocrx_word' id='word_1_225' title='bbox 1404 1620 1440 1652; x_wconf 91' lang='lat' dir='ltr'><strong>in</strong></span> <span class='ocrx_word' id='word_1_226' title='bbox 1467 1630 1588 1652; x_wconf 84' lang='lat' dir='ltr'><strong>eorum</strong></span> <span class='ocrx_word' id='word_1_227' title='bbox 1610 1630 1664 1652; x_wconf 90' lang='lat' dir='ltr'><strong>re·</strong></span> 
     </span>
     <span class='ocr_line' id='line_1_26' title="bbox 180 1661 1664 1706; baseline 0.002 -14"><span class='ocrx_word' id='word_1_228' title='bbox 180 1661 354 1703; x_wconf 84' lang='lat' dir='ltr'><strong>gionibus,</strong></span> <span class='ocrx_word' id='word_1_229' title='bbox 371 1661 452 1693; x_wconf 89' lang='lat' dir='ltr'><strong>dum</strong></span> <span class='ocrx_word' id='word_1_230' title='bbox 475 1661 525 1693; x_wconf 83' lang='lat' dir='ltr'><strong>ini</strong></span> <span class='ocrx_word' id='word_1_231' title='bbox 548 1662 715 1703; x_wconf 83' lang='lat' dir='ltr'><strong>paulatim</strong></span> <span class='ocrx_word' id='word_1_232' title='bbox 732 1662 1003 1696; x_wconf 85' lang='lat' dir='ltr'><strong>cederent.—-60</strong></span> <span class='ocrx_word' id='word_1_233' title='bbox 1027 1664 1037 1682; x_wconf 88' lang='lat'>‘</span> <span class='ocrx_word' id='word_1_234' title='bbox 1051 1664 1180 1706; x_wconf 84' lang='lat' dir='ltr'><strong>Copes.</strong></span> <span class='ocrx_word' id='word_1_235' title='bbox 1197 1668 1233 1696; x_wconf 88' lang='lat' dir='ltr'><strong>et</strong></span> <span class='ocrx_word' id='word_1_236' title='bbox 1259 1663 1369 1696; x_wconf 83' lang='lat' dir='ltr'><strong>Barb.</strong></span> <span class='ocrx_word' id='word_1_237' title='bbox 1395 1664 1496 1705; x_wconf 87' lang='lat' dir='ltr'><strong>prim.</strong></span> <span class='ocrx_word' id='word_1_238' title='bbox 1520 1665 1563 1696; x_wconf 79' lang='lat' dir='ltr'><strong>od</strong></span> <span class='ocrx_word' id='word_1_239' title='bbox 1587 1663 1664 1696; x_wconf 80' lang='lat' dir='ltr'><strong>ulti-</strong></span> 
     </span>
     <span class='ocr_line' id='line_1_27' title="bbox 179 1704 1662 1748; baseline 0.003 -12"><span class='ocrx_word' id='word_1_240' title='bbox 179 1704 342 1744; x_wconf 76' lang='lat' dir='ltr'><strong>mumjom</strong></span> <span class='ocrx_word' id='word_1_241' title='bbox 354 1704 546 1738; x_wconf 80' lang='lat' dir='ltr'><strong>solitudinis.</strong></span> <span class='ocrx_word' id='word_1_242' title='bbox 562 1705 661 1737; x_wconf 89' lang='lat' dir='ltr'><strong>Leid.</strong></span> <span class='ocrx_word' id='word_1_243' title='bbox 676 1706 786 1748; x_wconf 88' lang='lat' dir='ltr'><strong>quint.</strong></span> <span class='ocrx_word' id='word_1_244' title='bbox 803 1711 840 1739; x_wconf 92' lang='lat' dir='ltr'><strong>et</strong></span> <span class='ocrx_word' id='word_1_245' title='bbox 857 1711 948 1740; x_wconf 80' lang='lat' dir='ltr'><strong>sext.</strong></span> <span class='ocrx_word' id='word_1_246' title='bbox 964 1717 1042 1739; x_wconf 90' lang='lat' dir='ltr'><strong>cum</strong></span> <span class='ocrx_word' id='word_1_247' title='bbox 1060 1706 1164 1743; x_wconf 86' lang='lat' dir='ltr'><strong>Aldo,</strong></span> <span class='ocrx_word' id='word_1_248' title='bbox 1179 1708 1221 1740; x_wconf 81' lang='lat' dir='ltr'><strong>ad</strong></span> <span class='ocrx_word' id='word_1_249' title='bbox 1235 1707 1365 1739; x_wconf 81' lang='lat' dir='ltr'><strong>ultimas</strong></span> <span class='ocrx_word' id='word_1_250' title='bbox 1375 1707 1449 1747; x_wconf 63' lang='lat' dir='ltr'><strong>,iam</strong></span> <span class='ocrx_word' id='word_1_251' title='bbox 1462 1707 1662 1740; x_wconf 78' lang='lat' dir='ltr'><strong>solitudines.</strong></span> 
     </span>
     <span class='ocr_line' id='line_1_28' title="bbox 181 1747 1666 1790; baseline 0.002 -11"><span class='ocrx_word' id='word_1_252' title='bbox 181 1747 317 1790; x_wconf 80' lang='lat' dir='ltr'><strong>Reliqui</strong></span> <span class='ocrx_word' id='word_1_253' title='bbox 333 1758 411 1781; x_wconf 88' lang='lat' dir='ltr'><strong>cum</strong></span> <span class='ocrx_word' id='word_1_254' title='bbox 434 1748 530 1790; x_wconf 82' lang='lat' dir='ltr'><strong>Mog.</strong></span> <span class='ocrx_word' id='word_1_255' title='bbox 546 1750 584 1781; x_wconf 90' lang='lat' dir='ltr'><strong>et</strong></span> <span class='ocrx_word' id='word_1_256' title='bbox 596 1749 678 1782; x_wconf 80' lang='lat' dir='ltr'><strong>Vet.</strong></span> <span class='ocrx_word' id='word_1_257' title='bbox 694 1750 736 1781; x_wconf 80' lang='lat' dir='ltr'><strong>ad</strong></span> <span class='ocrx_word' id='word_1_258' title='bbox 747 1750 875 1782; x_wconf 79' lang='lat' dir='ltr'><strong>ultimas</strong></span> <span class='ocrx_word' id='word_1_259' title='bbox 888 1750 980 1783; x_wconf 77' lang='lat' dir='ltr'><strong>Asioe</strong></span> <span class='ocrx_word' id='word_1_260' title='bbox 993 1750 1190 1783; x_wconf 76' lang='lat' dir='ltr'><strong>solitudines.</strong></span> <span class='ocrx_word' id='word_1_261' title='bbox 1213 1751 1416 1783; x_wconf 81' lang='lat' dir='ltr'><strong>Perizonius</strong></span> <span class='ocrx_word' id='word_1_262' title='bbox 1429 1751 1528 1783; x_wconf 88' lang='lat' dir='ltr'><strong>malit</strong></span> <span class='ocrx_word' id='word_1_263' title='bbox 1543 1751 1666 1784; x_wconf 89' lang='lat' dir='ltr'><strong>lectio·</strong></span> 
     </span>
     <span class='ocr_line' id='line_1_29' title="bbox 179 1791 1663 1836; baseline 0.002 -13"><span class='ocrx_word' id='word_1_264' title='bbox 179 1800 258 1823; x_wconf 88' lang='lat' dir='ltr'><strong>nem</strong></span> <span class='ocrx_word' id='word_1_265' title='bbox 274 1791 402 1834; x_wconf 84' lang='lat' dir='ltr'><strong>Copes.</strong></span> <span class='ocrx_word' id='word_1_266' title='bbox 418 1796 455 1825; x_wconf 88' lang='lat' dir='ltr'><strong>et</strong></span> <span class='ocrx_word' id='word_1_267' title='bbox 470 1792 578 1825; x_wconf 84' lang='lat' dir='ltr'><strong>Barb.</strong></span> <span class='ocrx_word' id='word_1_268' title='bbox 591 1795 622 1824; x_wconf 95' lang='lat'><strong>1.</strong></span> <span class='ocrx_word' id='word_1_269' title='bbox 640 1802 790 1835; x_wconf 84' lang='lat' dir='ltr'><strong>quocum</strong></span> <span class='ocrx_word' id='word_1_270' title='bbox 807 1792 895 1826; x_wconf 84' lang='lat' dir='ltr'><strong>facit</strong></span> <span class='ocrx_word' id='word_1_271' title='bbox 919 1794 1119 1827; x_wconf 84' lang='lat' dir='ltr'><strong>Torrenius.</strong></span> <span class='ocrx_word' id='word_1_272' title='bbox 1164 1794 1298 1827; x_wconf 80' lang='lat' dir='ltr'><strong>Priscae</strong></span> <span class='ocrx_word' id='word_1_273' title='bbox 1324 1794 1486 1827; x_wconf 88' lang='lat' dir='ltr'><strong>lectionis</strong></span> <span class='ocrx_word' id='word_1_274' title='bbox 1511 1794 1663 1836; x_wconf 82' lang='lat' dir='ltr'><strong>vestigia</strong></span> 
     </span>
     <span class='ocr_line' id='line_1_30' title="bbox 179 1834 1662 1881; baseline 0.002 -14"><span class='ocrx_word' id='word_1_275' title='bbox 179 1839 261 1867; x_wconf 89' lang='lat' dir='ltr'><strong>sunt</strong></span> <span class='ocrx_word' id='word_1_276' title='bbox 276 1834 312 1867; x_wconf 91' lang='lat' dir='ltr'><strong>in</strong></span> <span class='ocrx_word' id='word_1_277' title='bbox 326 1835 450 1868; x_wconf 89' lang='lat' dir='ltr'><strong>codice</strong></span> <span class='ocrx_word' id='word_1_278' title='bbox 466 1835 630 1869; x_wconf 85' lang='lat' dir='ltr'><strong>Perizon.</strong></span> <span class='ocrx_word' id='word_1_279' title='bbox 647 1836 705 1879; x_wconf 86' lang='lat' dir='ltr'><strong>qui</strong></span> <span class='ocrx_word' id='word_1_280' title='bbox 717 1836 840 1869; x_wconf 84' lang='lat' dir='ltr'><strong>habet:</strong></span> <span class='ocrx_word' id='word_1_281' title='bbox 865 1838 907 1870; x_wconf 80' lang='lat' dir='ltr'><strong>ad</strong></span> <span class='ocrx_word' id='word_1_282' title='bbox 922 1837 1069 1870; x_wconf 79' lang='lat' dir='ltr'><strong>ultimum</strong></span> <span class='ocrx_word' id='word_1_283' title='bbox 1084 1838 1198 1870; x_wconf 78' lang='lat' dir='ltr'><strong>Asiam</strong></span> <span class='ocrx_word' id='word_1_284' title='bbox 1212 1838 1397 1870; x_wconf 74' lang='lat' dir='ltr'><strong>solitudinis</strong></span> <span class='ocrx_word' id='word_1_285' title='bbox 1408 1849 1419 1870; x_wconf 93' lang='lat'><strong>.·</strong></span> <span class='ocrx_word' id='word_1_286' title='bbox 1443 1842 1519 1871; x_wconf 87' lang='lat' dir='ltr'><strong>erat</strong></span> <span class='ocrx_word' id='word_1_287' title='bbox 1535 1847 1662 1881; x_wconf 83' lang='lat' dir='ltr'><strong>nempe</strong></span> 
     </span>
     <span class='ocr_line' id='line_1_31' title="bbox 178 1878 1662 1924; baseline 0.002 -14"><span class='ocrx_word' id='word_1_288' title='bbox 178 1878 215 1911; x_wconf 93' lang='lat' dir='ltr'><strong>in</strong></span> <span class='ocrx_word' id='word_1_289' title='bbox 237 1879 380 1921; x_wconf 86' lang='lat' dir='ltr'><strong>antiquo</strong></span> <span class='ocrx_word' id='word_1_290' title='bbox 404 1879 526 1911; x_wconf 85' lang='lat' dir='ltr'><strong>codice</strong></span> <span class='ocrx_word' id='word_1_291' title='bbox 557 1879 727 1921; x_wconf 82' lang='lat' dir='ltr'><strong>scriptum</strong></span> <span class='ocrx_word' id='word_1_292' title='bbox 754 1881 949 1921; x_wconf 80' lang='lat' dir='ltr'><strong>solitudinis,</strong></span> <span class='ocrx_word' id='word_1_293' title='bbox 976 1882 1119 1924; x_wconf 86' lang='lat' dir='ltr'><strong>antique</strong></span> <span class='ocrx_word' id='word_1_294' title='bbox 1151 1891 1214 1924; x_wconf 85' lang='lat' dir='ltr'><strong>pro</strong></span> <span class='ocrx_word' id='word_1_295' title='bbox 1242 1881 1439 1915; x_wconf 80' lang='lat' dir='ltr'><strong>solitudines.</strong></span> <span class='ocrx_word' id='word_1_296' title='bbox 1484 1881 1662 1914; x_wconf 80' lang='lat' dir='ltr'><strong>Librarius</strong></span> 
     </span>
     <span class='ocr_line' id='line_1_32' title="bbox 178 1923 1664 1966; baseline 0.003 -12"><span class='ocrx_word' id='word_1_297' title='bbox 178 1923 317 1964; x_wconf 87' lang='lat' dir='ltr'><strong>putavit</strong></span> <span class='ocrx_word' id='word_1_298' title='bbox 329 1923 420 1956; x_wconf 88' lang='lat' dir='ltr'><strong>hunc</strong></span> <span class='ocrx_word' id='word_1_299' title='bbox 436 1923 625 1955; x_wconf 86' lang='lat' dir='ltr'><strong>secundum</strong></span> <span class='ocrx_word' id='word_1_300' title='bbox 642 1933 761 1956; x_wconf 87' lang='lat' dir='ltr'><strong>casum</strong></span> <span class='ocrx_word' id='word_1_301' title='bbox 777 1924 959 1965; x_wconf 80' lang='lat' dir='ltr'><strong>singularis</strong></span> <span class='ocrx_word' id='word_1_302' title='bbox 975 1925 1110 1958; x_wconf 88' lang='lat' dir='ltr'><strong>numeri</strong></span> <span class='ocrx_word' id='word_1_303' title='bbox 1127 1935 1220 1966; x_wconf 85' lang='lat' dir='ltr'><strong>esse,</strong></span> <span class='ocrx_word' id='word_1_304' title='bbox 1241 1930 1278 1958; x_wconf 88' lang='lat' dir='ltr'><strong>et</strong></span> <span class='ocrx_word' id='word_1_305' title='bbox 1296 1925 1428 1958; x_wconf 82' lang='lat' dir='ltr'><strong>ultimas</strong></span> <span class='ocrx_word' id='word_1_306' title='bbox 1449 1926 1600 1958; x_wconf 80' lang='lat' dir='ltr'><strong>mutavit</strong></span> <span class='ocrx_word' id='word_1_307' title='bbox 1625 1926 1664 1958; x_wconf 85' lang='lat' dir='ltr'><strong>in</strong></span> 
     </span>
     <span class='ocr_line' id='line_1_33' title="bbox 177 1965 1662 2012; baseline 0.003 -15"><span class='ocrx_word' id='word_1_308' title='bbox 177 1965 335 2004; x_wconf 74' lang='lat' dir='ltr'><strong>ultimum,</strong></span> <span class='ocrx_word' id='word_1_309' title='bbox 357 1971 397 1998; x_wconf 91' lang='lat' dir='ltr'><strong>ut</strong></span> <span class='ocrx_word' id='word_1_310' title='bbox 421 1966 523 1999; x_wconf 88' lang='lat' dir='ltr'><strong>fieret</strong></span> <span class='ocrx_word' id='word_1_311' title='bbox 542 1967 687 1999; x_wconf 83' lang='lat' dir='ltr'><strong>ultimum</strong></span> <span class='ocrx_word' id='word_1_312' title='bbox 709 1968 781 2009; x_wconf 77' lang='lat' dir='ltr'><strong>J&#39;um</strong></span> <span class='ocrx_word' id='word_1_313' title='bbox 804 1969 999 2001; x_wconf 77' lang='lat' dir='ltr'><strong>solitudinis.</strong></span> <span class='ocrx_word' id='word_1_314' title='bbox 1044 1969 1142 2001; x_wconf 74' lang='lat' dir='ltr'><strong>Atius</strong></span> <span class='ocrx_word' id='word_1_315' title='bbox 1169 1968 1328 2001; x_wconf 81' lang='lat' dir='ltr'><strong>librarius</strong></span> <span class='ocrx_word' id='word_1_316' title='bbox 1355 1969 1487 2001; x_wconf 82' lang='lat' dir='ltr'><strong>ultimae</strong></span> <span class='ocrx_word' id='word_1_317' title='bbox 1514 1969 1662 2012; x_wconf 62' lang='lat' dir='ltr'><strong>syllabas</strong></span> 
     </span>
     <span class='ocr_line' id='line_1_34' title="bbox 179 2009 1665 2054; baseline 0.003 -13"><span class='ocrx_word' id='word_1_318' title='bbox 179 2009 274 2042; x_wconf 83' lang='lat' dir='ltr'><strong>vocis</strong></span> <span class='ocrx_word' id='word_1_319' title='bbox 298 2009 445 2043; x_wconf 75' lang='lat' dir='ltr'><strong>ultimum</strong></span> <span class='ocrx_word' id='word_1_320' title='bbox 467 2011 714 2052; x_wconf 83' lang='lat' dir='ltr'><strong>suprascripsit</strong></span> <span class='ocrx_word' id='word_1_321' title='bbox 734 2022 782 2051; x_wconf 81' lang='lat' dir='ltr'><strong>as,</strong></span> <span class='ocrx_word' id='word_1_322' title='bbox 797 2021 924 2054; x_wconf 89' lang='lat' dir='ltr'><strong>nempe</strong></span> <span class='ocrx_word' id='word_1_323' title='bbox 940 2018 977 2044; x_wconf 89' lang='lat' dir='ltr'><strong>ut</strong></span> <span class='ocrx_word' id='word_1_324' title='bbox 991 2012 1179 2051; x_wconf 87' lang='lat' dir='ltr'><strong>indicaret,</strong></span> <span class='ocrx_word' id='word_1_325' title='bbox 1202 2022 1271 2045; x_wconf 90' lang='lat' dir='ltr'><strong>non</strong></span> <span class='ocrx_word' id='word_1_326' title='bbox 1286 2013 1434 2045; x_wconf 79' lang='lat' dir='ltr'><strong>ultimum</strong></span> <span class='ocrx_word' id='word_1_327' title='bbox 1448 2012 1510 2045; x_wconf 84' lang='lat' dir='ltr'><strong>sed</strong></span> <span class='ocrx_word' id='word_1_328' title='bbox 1536 2012 1665 2045; x_wconf 76' lang='lat' dir='ltr'><strong>ultimos</strong></span> 
     </span>
     <span class='ocr_line' id='line_1_35' title="bbox 178 2053 1663 2098; baseline 0.003 -14"><span class='ocrx_word' id='word_1_329' title='bbox 178 2053 363 2094; x_wconf 86' lang='lat' dir='ltr'><strong>legendum</strong></span> <span class='ocrx_word' id='word_1_330' title='bbox 381 2064 457 2086; x_wconf 85' lang='lat' dir='ltr'><strong>esse</strong></span> <span class='ocrx_word' id='word_1_331' title='bbox 473 2065 483 2094; x_wconf 76' lang='grc' dir='ltr'><strong>ς</strong></span> <span class='ocrx_word' id='word_1_332' title='bbox 506 2054 708 2095; x_wconf 85' lang='lat' dir='ltr'><strong>supervenit</strong></span> <span class='ocrx_word' id='word_1_333' title='bbox 725 2056 851 2087; x_wconf 85' lang='lat' dir='ltr'><strong>tertius</strong></span> <span class='ocrx_word' id='word_1_334' title='bbox 866 2056 1042 2096; x_wconf 82' lang='lat' dir='ltr'><strong>librarius,</strong></span> <span class='ocrx_word' id='word_1_335' title='bbox 1058 2056 1117 2098; x_wconf 88' lang='lat' dir='ltr'><strong>qui</strong></span> <span class='ocrx_word' id='word_1_336' title='bbox 1131 2055 1379 2088; x_wconf 86' lang='lat' dir='ltr'><strong>animadvertit</strong></span> <span class='ocrx_word' id='word_1_337' title='bbox 1394 2066 1431 2088; x_wconf 82' lang='lat' dir='ltr'><strong>os</strong></span> <span class='ocrx_word' id='word_1_338' title='bbox 1446 2056 1663 2098; x_wconf 82' lang='lat' dir='ltr'><strong>suprascrip-</strong></span> 
     </span>
     <span class='ocr_line' id='line_1_36' title="bbox 179 2096 1663 2141; baseline 0.003 -14"><span class='ocrx_word' id='word_1_339' title='bbox 179 2100 267 2135; x_wconf 87' lang='lat' dir='ltr'><strong>tum,</strong></span> <span class='ocrx_word' id='word_1_340' title='bbox 290 2096 443 2138; x_wconf 82' lang='lat' dir='ltr'><strong>illudque</strong></span> <span class='ocrx_word' id='word_1_341' title='bbox 459 2107 536 2130; x_wconf 88' lang='lat' dir='ltr'><strong>cum</strong></span> <span class='ocrx_word' id='word_1_342' title='bbox 554 2102 720 2140; x_wconf 73' lang='lat' dir='ltr'><strong>sequente</strong></span> <span class='ocrx_word' id='word_1_343' title='bbox 735 2098 807 2138; x_wconf 81' lang='lat' dir='ltr'><strong>jam</strong></span> <span class='ocrx_word' id='word_1_344' title='bbox 833 2097 931 2141; x_wconf 80' lang='lat' dir='ltr'><strong>(iam)</strong></span> <span class='ocrx_word' id='word_1_345' title='bbox 956 2099 1139 2141; x_wconf 88' lang='lat' dir='ltr'><strong>conjunxit</strong></span> <span class='ocrx_word' id='word_1_346' title='bbox 1156 2099 1246 2132; x_wconf 86' lang='lat' dir='ltr'><strong>unde</strong></span> <span class='ocrx_word' id='word_1_347' title='bbox 1263 2098 1396 2132; x_wconf 80' lang='lat' dir='ltr'><strong>factum</strong></span> <span class='ocrx_word' id='word_1_348' title='bbox 1412 2104 1467 2132; x_wconf 90' lang='lat' dir='ltr'><strong>est</strong></span> <span class='ocrx_word' id='word_1_349' title='bbox 1481 2099 1607 2140; x_wconf 81' lang='lat' dir='ltr'><strong>Asiam,</strong></span> <span class='ocrx_word' id='word_1_350' title='bbox 1625 2105 1663 2132; x_wconf 85' lang='lat' dir='ltr'><strong>et</strong></span> 
     </span>
     <span class='ocr_line' id='line_1_37' title="bbox 179 2139 1661 2186; baseline 0.003 -14"><span class='ocrx_word' id='word_1_351' title='bbox 179 2139 320 2172; x_wconf 75' lang='lat' dir='ltr'><strong>tandem</strong></span> <span class='ocrx_word' id='word_1_352' title='bbox 335 2140 436 2174; x_wconf 72' lang='lat' dir='ltr'><strong>Asiae.</strong></span> <span class='ocrx_word' id='word_1_353' title='bbox 482 2140 516 2174; x_wconf 84' lang='lat' dir='ltr'><strong>A</strong></span> <span class='ocrx_word' id='word_1_354' title='bbox 528 2141 670 2174; x_wconf 81' lang='lat' dir='ltr'><strong>Valerio</strong></span> <span class='ocrx_word' id='word_1_355' title='bbox 685 2151 769 2184; x_wconf 86' lang='lat' dir='ltr'><strong>ergo</strong></span> <span class='ocrx_word' id='word_1_356' title='bbox 785 2140 984 2184; x_wconf 83' lang='lat' dir='ltr'><strong>profectum</strong></span> <span class='ocrx_word' id='word_1_357' title='bbox 999 2149 1053 2176; x_wconf 88' lang='lat' dir='ltr'><strong>est</strong></span> <span class='ocrx_word' id='word_1_358' title='bbox 1067 2153 1076 2176; x_wconf 67' lang='grc' dir='ltr'>ε</span> <span class='ocrx_word' id='word_1_359' title='bbox 1093 2142 1298 2184; x_wconf 75' lang='lat' dir='ltr'><strong>ultimasjam</strong></span> <span class='ocrx_word' id='word_1_360' title='bbox 1312 2142 1525 2177; x_wconf 67' lang='lat' dir='ltr'><strong>solitudines!</strong></span> <span class='ocrx_word' id='word_1_361' title='bbox 1541 2144 1661 2186; x_wconf 83' lang='lat' dir='ltr'><strong>Kapp.</strong></span> 
     </span>
    </p>
   </div>
   <div class='ocr_carea' id='block_1_7' title="bbox 846 2240 989 2275">
    <p class='ocr_par' dir='ltr' id='par_1_7' title="bbox 846 2240 989 2275">
     <span class='ocr_line' id='line_1_38' title="bbox 846 2240 989 2275; baseline 0.007 -1"><span class='ocrx_word' id='word_1_362' title='bbox 846 2240 989 2275; x_wconf 80' lang='lat' dir='ltr'>NOTAE</span> 
     </span>
    </p>
   </div>
   <div class='ocr_carea' id='block_1_8' title="bbox 176 2314 894 2813">
    <p class='ocr_par' dir='ltr' id='par_1_8' title="bbox 176 2314 894 2813">
     <span class='ocr_line' id='line_1_39' title="bbox 225 2314 894 2358; baseline 0.003 -11"><span class='ocrx_word' id='word_1_363' title='bbox 225 2319 242 2342; x_wconf 75' lang='grc' dir='ltr'><strong>Ρ</strong></span> <span class='ocrx_word' id='word_1_364' title='bbox 263 2314 408 2358; x_wconf 73' lang='lat' dir='ltr'><strong>Scythis]</strong></span> <span class='ocrx_word' id='word_1_365' title='bbox 430 2315 575 2358; x_wconf 82' lang='lat' dir='ltr'><strong>Scythia</strong></span> <span class='ocrx_word' id='word_1_366' title='bbox 590 2314 723 2358; x_wconf 88' lang='lat' dir='ltr'><strong>duplex</strong></span> <span class='ocrx_word' id='word_1_367' title='bbox 745 2314 827 2358; x_wconf 80' lang='lat' dir='ltr'><strong>fuit,</strong></span> <span class='ocrx_word' id='word_1_368' title='bbox 848 2326 894 2349; x_wconf 88' lang='lat' dir='ltr'><strong>ex</strong></span> 
     </span>
     <span class='ocr_line' id='line_1_40' title="bbox 181 2367 894 2410; baseline 0.001 -11"><span class='ocrx_word' id='word_1_369' title='bbox 181 2367 392 2407; x_wconf 82' lang='lat' dir='ltr'><strong>Ptolemaeo;</strong></span> <span class='ocrx_word' id='word_1_370' title='bbox 415 2368 600 2409; x_wconf 73' lang='lat' dir='ltr'><strong>Europaea,</strong></span> <span class='ocrx_word' id='word_1_371' title='bbox 617 2377 694 2410; x_wconf 84' lang='lat' dir='ltr'><strong>quae</strong></span> <span class='ocrx_word' id='word_1_372' title='bbox 710 2367 824 2400; x_wconf 88' lang='lat' dir='ltr'><strong>minor</strong></span> <span class='ocrx_word' id='word_1_373' title='bbox 843 2368 894 2400; x_wconf 90' lang='lat' dir='ltr'><strong>di-</strong></span> 
     </span>
     <span class='ocr_line' id='line_1_41' title="bbox 178 2418 893 2461; baseline 0.001 -11"><span class='ocrx_word' id='word_1_374' title='bbox 178 2418 282 2459; x_wconf 90' lang='lat' dir='ltr'><strong>citur,</strong></span> <span class='ocrx_word' id='word_1_375' title='bbox 297 2418 333 2450; x_wconf 93' lang='lat' dir='ltr'><strong>in</strong></span> <span class='ocrx_word' id='word_1_376' title='bbox 348 2428 450 2461; x_wconf 88' lang='lat' dir='ltr'><strong>quam</strong></span> <span class='ocrx_word' id='word_1_377' title='bbox 465 2418 595 2450; x_wconf 86' lang='lat' dir='ltr'><strong>Darius</strong></span> <span class='ocrx_word' id='word_1_378' title='bbox 620 2418 798 2461; x_wconf 79' lang='lat' dir='ltr'><strong>profectus</strong></span> <span class='ocrx_word' id='word_1_379' title='bbox 821 2424 893 2460; x_wconf 88' lang='lat' dir='ltr'><strong>est;</strong></span> 
     </span>
     <span class='ocr_line' id='line_1_42' title="bbox 179 2469 894 2513; baseline 0.001 -11"><span class='ocrx_word' id='word_1_380' title='bbox 179 2469 347 2511; x_wconf 79' lang='lat' dir='ltr'><strong>Asiatica,</strong></span> <span class='ocrx_word' id='word_1_381' title='bbox 374 2480 450 2513; x_wconf 84' lang='lat' dir='ltr'><strong>quae</strong></span> <span class='ocrx_word' id='word_1_382' title='bbox 467 2469 591 2512; x_wconf 86' lang='lat' dir='ltr'><strong>major,</strong></span> <span class='ocrx_word' id='word_1_383' title='bbox 607 2470 641 2502; x_wconf 90' lang='lat' dir='ltr'><strong>in</strong></span> <span class='ocrx_word' id='word_1_384' title='bbox 662 2480 730 2512; x_wconf 81' lang='lat' dir='ltr'><strong>qua</strong></span> <span class='ocrx_word' id='word_1_385' title='bbox 745 2470 856 2511; x_wconf 85' lang='lat' dir='ltr'><strong>Cyrus</strong></span> <span class='ocrx_word' id='word_1_386' title='bbox 873 2480 894 2503; x_wconf 81' lang='lat' dir='ltr'><strong>a</strong></span> 
     </span>
     <span class='ocr_line' id='line_1_43' title="bbox 180 2521 894 2564; baseline 0.001 -11"><span class='ocrx_word' id='word_1_387' title='bbox 180 2521 387 2563; x_wconf 83' lang='lat' dir='ltr'><strong>Massagetis</strong></span> <span class='ocrx_word' id='word_1_388' title='bbox 426 2522 573 2555; x_wconf 86' lang='lat' dir='ltr'><strong>occisus.</strong></span> <span class='ocrx_word' id='word_1_389' title='bbox 632 2522 752 2555; x_wconf 91' lang='lat' dir='ltr'><strong>Minor</strong></span> <span class='ocrx_word' id='word_1_390' title='bbox 785 2522 894 2564; x_wconf 83' lang='lat' dir='ltr'><strong>Bory-</strong></span> 
     </span>
     <span class='ocr_line' id='line_1_44' title="bbox 176 2572 890 2614; baseline 0.004 -10"><span class='ocrx_word' id='word_1_391' title='bbox 176 2572 304 2604; x_wconf 84' lang='lat' dir='ltr'><strong>sthene</strong></span> <span class='ocrx_word' id='word_1_392' title='bbox 316 2577 354 2605; x_wconf 87' lang='lat' dir='ltr'><strong>et</strong></span> <span class='ocrx_word' id='word_1_393' title='bbox 367 2573 475 2606; x_wconf 84' lang='lat' dir='ltr'><strong>Tanai</strong></span> <span class='ocrx_word' id='word_1_394' title='bbox 491 2572 710 2614; x_wconf 87' lang='lat' dir='ltr'><strong>terminatur,</strong></span> <span class='ocrx_word' id='word_1_395' title='bbox 725 2572 784 2606; x_wconf 91' lang='lat' dir='ltr'><strong>ubi</strong></span> <span class='ocrx_word' id='word_1_396' title='bbox 799 2584 890 2607; x_wconf 90' lang='lat' dir='ltr'><strong>nunc</strong></span> 
     </span>
     <span class='ocr_line' id='line_1_45' title="bbox 178 2623 888 2666; baseline 0.007 -12"><span class='ocrx_word' id='word_1_397' title='bbox 178 2623 317 2656; x_wconf 86' lang='lat' dir='ltr'><strong>Tartari</strong></span> <span class='ocrx_word' id='word_1_398' title='bbox 335 2625 599 2666; x_wconf 79' lang='lat' dir='ltr'><strong>Praecopemes,</strong></span> <span class='ocrx_word' id='word_1_399' title='bbox 615 2630 651 2658; x_wconf 89' lang='lat' dir='ltr'><strong>et</strong></span> <span class='ocrx_word' id='word_1_400' title='bbox 668 2625 888 2659; x_wconf 80' lang='lat' dir='ltr'><strong>Moscovitae.</strong></span> 
     </span>
     <span class='ocr_line' id='line_1_46' title="bbox 180 2674 891 2718; baseline 0.006 -13"><span class='ocrx_word' id='word_1_401' title='bbox 180 2674 299 2715; x_wconf 86' lang='lat' dir='ltr'><strong>Major</strong></span> <span class='ocrx_word' id='word_1_402' title='bbox 321 2674 446 2707; x_wconf 89' lang='lat' dir='ltr'><strong>iterum</strong></span> <span class='ocrx_word' id='word_1_403' title='bbox 472 2675 624 2718; x_wconf 78' lang='lat' dir='ltr'><strong>dupiex3</strong></span> <span class='ocrx_word' id='word_1_404' title='bbox 647 2686 717 2709; x_wconf 84' lang='lat' dir='ltr'><strong>una</strong></span> <span class='ocrx_word' id='word_1_405' title='bbox 741 2686 762 2708; x_wconf 84' lang='lat' dir='ltr'><strong>a</strong></span> <span class='ocrx_word' id='word_1_406' title='bbox 782 2676 891 2710; x_wconf 85' lang='lat' dir='ltr'><strong>Tanai</strong></span> 
     </span>
     <span class='ocr_line' id='line_1_47' title="bbox 180 2723 890 2770; baseline 0.01 -16"><span class='ocrx_word' id='word_1_407' title='bbox 180 2723 224 2755; x_wconf 87' lang='lat' dir='ltr'><strong>ad</strong></span> <span class='ocrx_word' id='word_1_408' title='bbox 252 2729 400 2757; x_wconf 87' lang='lat' dir='ltr'><strong>montem</strong></span> <span class='ocrx_word' id='word_1_409' title='bbox 428 2726 576 2767; x_wconf 87' lang='lat' dir='ltr'><strong>Imaum,</strong></span> <span class='ocrx_word' id='word_1_410' title='bbox 595 2727 699 2769; x_wconf 86' lang='lat' dir='ltr'><strong>juxta</strong></span> <span class='ocrx_word' id='word_1_411' title='bbox 724 2727 890 2770; x_wconf 85' lang='lat' dir='ltr'><strong>Caspium</strong></span> 
     </span>
     <span class='ocr_line' id='line_1_48' title="bbox 180 2777 890 2813; baseline 0.008 -6"><span class='ocrx_word' id='word_1_412' title='bbox 180 2783 276 2808; x_wconf 81' lang='lat' dir='ltr'><strong>mare</strong></span> <span class='ocrx_word' id='word_1_413' title='bbox 306 2777 526 2810; x_wconf 80' lang='lat' dir='ltr'><strong>extenditur:</strong></span> <span class='ocrx_word' id='word_1_414' title='bbox 564 2779 717 2812; x_wconf 87' lang='lat' dir='ltr'><strong>secunda</strong></span> <span class='ocrx_word' id='word_1_415' title='bbox 746 2789 790 2813; x_wconf 87' lang='lat' dir='ltr'><strong>ex</strong></span> <span class='ocrx_word' id='word_1_416' title='bbox 820 2790 890 2813; x_wconf 85' lang='lat' dir='ltr'><strong>una</strong></span> 
     </span>
    </p>
   </div>
   <div class='ocr_carea' id='block_1_9' title="bbox 943 2317 1664 2762">
    <p class='ocr_par' dir='ltr' id='par_1_9' title="bbox 947 2317 1663 2463">
     <span class='ocr_line' id='line_1_49' title="bbox 948 2317 1663 2360; baseline 0.003 -10"><span class='ocrx_word' id='word_1_417' title='bbox 948 2321 1052 2359; x_wconf 82' lang='lat' dir='ltr'><strong>parte</strong></span> <span class='ocrx_word' id='word_1_418' title='bbox 1064 2317 1175 2360; x_wconf 86' lang='lat' dir='ltr'><strong>Imao,</strong></span> <span class='ocrx_word' id='word_1_419' title='bbox 1189 2328 1232 2350; x_wconf 86' lang='lat' dir='ltr'><strong>ex</strong></span> <span class='ocrx_word' id='word_1_420' title='bbox 1249 2319 1359 2352; x_wconf 88' lang='lat' dir='ltr'><strong>altera</strong></span> <span class='ocrx_word' id='word_1_421' title='bbox 1374 2318 1474 2352; x_wconf 84' lang='lat' dir='ltr'><strong>Sacis</strong></span> <span class='ocrx_word' id='word_1_422' title='bbox 1499 2323 1537 2352; x_wconf 90' lang='lat' dir='ltr'><strong>et</strong></span> <span class='ocrx_word' id='word_1_423' title='bbox 1560 2318 1663 2352; x_wconf 76' lang='lat' dir='ltr'><strong>India</strong></span> 
     </span>
     <span class='ocr_line' id='line_1_50' title="bbox 948 2368 1663 2412; baseline 0.001 -11"><span class='ocrx_word' id='word_1_424' title='bbox 948 2368 1126 2410; x_wconf 91' lang='lat' dir='ltr'><strong>definitur,</strong></span> <span class='ocrx_word' id='word_1_425' title='bbox 1152 2369 1212 2402; x_wconf 90' lang='lat' dir='ltr'><strong>ubi</strong></span> <span class='ocrx_word' id='word_1_426' title='bbox 1235 2379 1329 2403; x_wconf 85' lang='lat' dir='ltr'><strong>nunc</strong></span> <span class='ocrx_word' id='word_1_427' title='bbox 1349 2370 1500 2412; x_wconf 83' lang='lat' dir='ltr'><strong>Tartari,</strong></span> <span class='ocrx_word' id='word_1_428' title='bbox 1524 2374 1561 2403; x_wconf 88' lang='lat' dir='ltr'><strong>et</strong></span> <span class='ocrx_word' id='word_1_429' title='bbox 1584 2380 1663 2412; x_wconf 82' lang='lat' dir='ltr'><strong>reg·</strong></span> 
     </span>
     <span class='ocr_line' id='line_1_51' title="bbox 947 2423 1167 2463; baseline 0.005 -9"><span class='ocrx_word' id='word_1_430' title='bbox 947 2432 1029 2454; x_wconf 90' lang='lat' dir='ltr'><strong>num</strong></span> <span class='ocrx_word' id='word_1_431' title='bbox 1044 2423 1167 2463; x_wconf 77' lang='lat' dir='ltr'><strong>Mogol.</strong></span> 
     </span>
    </p>

    <p class='ocr_par' dir='ltr' id='par_1_10' title="bbox 943 2471 1664 2762">
     <span class='ocr_line' id='line_1_52' title="bbox 991 2471 1661 2515; baseline -0.001 -10"><span class='ocrx_word' id='word_1_432' title='bbox 991 2478 1007 2501; x_wconf 81' lang='lat'><strong>⁴³</strong></span> <span class='ocrx_word' id='word_1_433' title='bbox 1031 2472 1152 2514; x_wconf 79' lang='lat' dir='ltr'><strong>Dario]</strong></span> <span class='ocrx_word' id='word_1_434' title='bbox 1177 2472 1366 2515; x_wconf 85' lang='lat' dir='ltr'><strong>Hystaspis</strong></span> <span class='ocrx_word' id='word_1_435' title='bbox 1394 2471 1479 2511; x_wconf 72' lang='lat' dir='ltr'><strong>filio,</strong></span> <span class='ocrx_word' id='word_1_436' title='bbox 1506 2472 1566 2514; x_wconf 89' lang='lat' dir='ltr'><strong>qui</strong></span> <span class='ocrx_word' id='word_1_437' title='bbox 1587 2471 1661 2505; x_wconf 83' lang='lat' dir='ltr'><strong>bel-</strong></span> 
     </span>
     <span class='ocr_line' id='line_1_53' title="bbox 948 2522 1662 2566; baseline 0.001 -10"><span class='ocrx_word' id='word_1_438' title='bbox 948 2524 1017 2556; x_wconf 86' lang='lat' dir='ltr'><strong>lum</strong></span> <span class='ocrx_word' id='word_1_439' title='bbox 1033 2524 1069 2556; x_wconf 92' lang='lat' dir='ltr'><strong>in</strong></span> <span class='ocrx_word' id='word_1_440' title='bbox 1090 2524 1236 2566; x_wconf 83' lang='lat' dir='ltr'><strong>Scythas</strong></span> <span class='ocrx_word' id='word_1_441' title='bbox 1247 2529 1381 2556; x_wconf 89' lang='lat' dir='ltr'><strong>temere</strong></span> <span class='ocrx_word' id='word_1_442' title='bbox 1396 2523 1531 2562; x_wconf 85' lang='lat' dir='ltr'><strong>movit;</strong></span> <span class='ocrx_word' id='word_1_443' title='bbox 1550 2522 1662 2557; x_wconf 85' lang='lat' dir='ltr'><strong>Istro·</strong></span> 
     </span>
     <span class='ocr_line' id='line_1_54' title="bbox 946 2573 1664 2618; baseline -0.001 -10"><span class='ocrx_word' id='word_1_444' title='bbox 946 2585 1013 2618; x_wconf 90' lang='lat' dir='ltr'><strong>que</strong></span> <span class='ocrx_word' id='word_1_445' title='bbox 1025 2575 1228 2608; x_wconf 84' lang='lat' dir='ltr'><strong>transmisso</strong></span> <span class='ocrx_word' id='word_1_446' title='bbox 1244 2575 1319 2607; x_wconf 83' lang='lat' dir='ltr'><strong>illos</strong></span> <span class='ocrx_word' id='word_1_447' title='bbox 1344 2574 1402 2606; x_wconf 88' lang='lat' dir='ltr'><strong>diu</strong></span> <span class='ocrx_word' id='word_1_448' title='bbox 1427 2573 1558 2606; x_wconf 84' lang='lat' dir='ltr'><strong>frustra</strong></span> <span class='ocrx_word' id='word_1_449' title='bbox 1571 2574 1664 2607; x_wconf 82' lang='lat' dir='ltr'><strong>inse-</strong></span> 
     </span>
     <span class='ocr_line' id='line_1_55' title="bbox 945 2624 1662 2667; baseline -0.001 -7"><span class='ocrx_word' id='word_1_450' title='bbox 945 2631 1060 2667; x_wconf 81' lang='lat' dir='ltr'><strong>cutus,</strong></span> <span class='ocrx_word' id='word_1_451' title='bbox 1081 2636 1160 2659; x_wconf 91' lang='lat' dir='ltr'><strong>cum</strong></span> <span class='ocrx_word' id='word_1_452' title='bbox 1177 2627 1272 2658; x_wconf 83' lang='lat' dir='ltr'><strong>nulia</strong></span> <span class='ocrx_word' id='word_1_453' title='bbox 1288 2624 1466 2667; x_wconf 79' lang='lat' dir='ltr'><strong>pugnandi</strong></span> <span class='ocrx_word' id='word_1_454' title='bbox 1482 2625 1585 2667; x_wconf 84' lang='lat' dir='ltr'><strong>copia</strong></span> <span class='ocrx_word' id='word_1_455' title='bbox 1599 2624 1662 2659; x_wconf 82' lang='lat' dir='ltr'><strong>fie-</strong></span> 
     </span>
     <span class='ocr_line' id='line_1_56' title="bbox 943 2676 1662 2720; baseline 0 -9"><span class='ocrx_word' id='word_1_456' title='bbox 943 2683 1013 2720; x_wconf 76' lang='lat' dir='ltr'><strong>ret,</strong></span> <span class='ocrx_word' id='word_1_457' title='bbox 1038 2677 1171 2710; x_wconf 78' lang='lat' dir='ltr'><strong>amissis</strong></span> <span class='ocrx_word' id='word_1_458' title='bbox 1199 2687 1341 2710; x_wconf 83' lang='lat' dir='ltr'><strong>suorum</strong></span> <span class='ocrx_word' id='word_1_459' title='bbox 1368 2679 1424 2710; x_wconf 84' lang='lat'><strong>90.</strong></span> <span class='ocrx_word' id='word_1_460' title='bbox 1451 2676 1606 2711; x_wconf 78' lang='lat' dir='ltr'><strong>millibus</strong></span> <span class='ocrx_word' id='word_1_461' title='bbox 1625 2677 1662 2712; x_wconf 82' lang='lat' dir='ltr'><strong>in</strong></span> 
     </span>
     <span class='ocr_line' id='line_1_57' title="bbox 944 2728 1192 2762; baseline -0.008 0"><span class='ocrx_word' id='word_1_462' title='bbox 944 2728 1063 2762; x_wconf 76' lang='lat' dir='ltr'><strong>Asiam</strong></span> <span class='ocrx_word' id='word_1_463' title='bbox 1076 2728 1192 2761; x_wconf 89' lang='lat' dir='ltr'><strong>rediit.</strong></span> 
     </span>
    </p>
   </div>
  </div>
 </body>
</html>
