1878 3132
252 171 339 214 520
659 179 873 211 VALERu
907 179 1101 211 MAXIMI
1136 181 1231 211 mn.
1256 182 1299 212 v.

251 278 487 330 enituit320
514 289 615 318 nam
637 289 741 319 cum
762 276 956 332 quinque
977 275 1286 318 consulatibus
1306 276 1558 319 salutariter
1573 281 1610 302 ²¹
1637 276 1722 320 rei-

250 347 447 403 publicae
486 345 808 388 administratis
847 345 1129 396 decessisset,
1162 345 1365 387 certatim
1407 357 1473 387 aes
1512 345 1720 397 contulit,

251 410 347 470 quo*
370 415 515 470 major
540 427 594 457 ac
631 413 882 469 speciosior
918 413 1020 468 ejus
1050 412 1217 455 funeris
1250 426 1419 468 pompa
1449 412 1720 455 duceretur?

250 477 406 527 Elevet
435 483 599 538 aliquis
631 483 820 537 praemia
851 481 1044 533 virtutiS,
1078 495 1179 525 cum
1220 481 1546 525 animadvertat
1583 481 1720 526 fortes

249 552 368 594 viros
384 556 420 575 ²²
449 552 628 595 felicius
649 551 845 607 sepeliri,
866 564 1000 606 quam
1019 551 1170 594 vivere
1188 551 1389 604 ignavos.

305 620 348 661 4.
381 619 526 662 Fabio
563 616 741 662 autemf
766 620 900 661 etiam
939 619 1194 661 incolumi²³
1236 630 1411 660 summa
1445 631 1546 660 cum
1579 617 1719 672 gloria

248 689 395 742 gratia
411 689 555 731 relata
574 693 656 732 est.
717 687 945 730 Dictatori
965 688 1006 730 ei
1035 687 1246 742 magister
1266 686 1463 742 equitum
1485 685 1717 729 Minucius

248 757 363 799 scito
384 758 610 812 plebis‚24g
638 757 761 812 quod
782 769 1007 811 nunquam
1037 760 1168 799 antea
1198 755 1366 798 factum
1388 754 1556 806 fuerat,
1568 767 1719 810 aequa·

247 830 338 877 tus,
361 826 524 881 partito
552 826 755 868 exercitu
781 826 1019 880 separatim
1041 826 1087 867 in
1108 824 1293 867 Samnio
1320 837 1424 866 cum
1457 822 1719 867 Hannibale

247 894 522 936 conflixerat.
584 893 678 936 Ubi
709 899 872 937 temere
899 894 1012 935 inito
1043 893 1284 935 certamine
1310 891 1572 947 pestiferum
1589 891 1716 935 habi-

245 966 371 1004 turus
404 961 588 1013 exitum,
624 962 828 1004 subsidio
862 959 1024 1003 Fabiih
1055 966 1368 1012 conservatus,
1401 965 1447 1002 et
1474 960 1578 1016 ipse
1611 973 1717 1005 eum

246 1034 418 1085 patrem
440 1029 711 1086 appellavit,i
739 1035 784 1072 et
802 1043 829 1072 a
846 1030 1096 1084 legionibus
1113 1034 1149 1060 2⁵
1180 1029 1275 1072 suis
1295 1032 1530 1084 patronum
1548 1028 1715 1077 saluta-

860 1140 1098 1154 OOOOO‘O‘Off‘ffl

243 1212 281 1238 et
297 1216 359 1247 pro
376 1216 430 1240 vv‚
446 1207 483 1240 ll.
499 1207 696 1248 conscripsit,
710 1212 746 1240 et
761 1207 897 1247 obtuitu
920 1209 1051 1250 Ultraj.
1066 1211 1098 1241 2.
1125 1218 1159 1241 se
1182 1209 1284 1250 ipsum
1297 1209 1564 1240 candacem—20
1587 1207 1715 1251 Copes.

243 1249 468 1282 emicuit.-21
494 1250 553 1282 Ita
568 1251 744 1292 Pighiuse
761 1252 862 1285 codd.
877 1253 995 1294 itaque
1012 1252 1142 1284 Brand.
1169 1255 1200 1284 1.
1227 1255 1257 1284 2.
1285 1257 1323 1285 et
1339 1253 1438 1284 multi
1462 1252 1607 1285 Tei-ren.
1634 1261 1713 1286 eum

243 1292 340 1334 Mog.
355 1294 524 1325 salubriter
538 1303 599 1325 sex
614 1296 755 1327 Torren.
781 1305 855 1327 cum
873 1296 953 1329 edd.
969 1298 1144 1328 vett.-—22
1169 1297 1294 1337 copes,
1310 1295 1442 1328 omittit
1451 1295 1632 1327 viros—23
1654 1294 1714 1327 Sic

244 1339 392 1378 uterque
405 1337 536 1370 Brand.
552 1341 589 1370 et
601 1338 751 1380 quinque
764 1349 840 1370 cnm
855 1340 952 1381 Mog.
970 1339 1073 1371 Fabio
1083 1340 1180 1371 etiam
1193 1339 1342 1371 incolumi
1354 1343 1491 1381 septem
1500 1338 1587 1370 Mss.
1616 1338 1714 1371 Fabio

244 1382 348 1411 autem
363 1380 511 1412 incolumi
527 1380 594 1413 duo
609 1382 696 1414 Mss.
718 1382 819 1414 Fabio
843 1386 949 1414 autem
970 1393 1047 1414 sano
1070 1386 1102 1415 et
1124 1383 1221 1414 etiam
1240 1382 1389 1415 incolumi
1412 1383 1496 1415 Vet.
1516 1391 1562 1414 ex
1586 1381 1711 1423 glossa.

243 1422 346 1454 Fabio
370 1425 464 1455 etiam
488 1424 582 1456 alteri
609 1425 756 1457 incolumi
783 1426 910 1468 Copes.
946 1426 1032 1457 Mox
1060 1426 1226 1458 Dictatori
1246 1426 1329 1458 enim
1359 1426 1485 1468 copes.
1518 1425 1614 1458 Med.
1640 1434 1712 1457 sec.

242 1464 360 1497 Periz.
392 1471 427 1498 et
457 1467 556 1500 editt.
578 1468 746 1500 Dictatori
776 1470 858 1501 enim
885 1469 915 1500 ei
943 1470 1097 1501 existenti
1125 1470 1296 1502 Vet.—24
1317 1469 1407 1502 Dan.
1442 1469 1520 1501 scito
1555 1468 1713 1510 plebei.—

242 1510 283 1541 25
309 1509 414 1542 Multi
425 1510 524 1543 codd.
538 1520 616 1543 cum
632 1512 714 1543 Vet.
730 1512 769 1544 ab
784 1512 1058 1553 legionibus.-—26
1082 1513 1139 1547 Me
1152 1513 1254 1545 hercle
1267 1513 1393 1555 copes.
1406 1513 1492 1545 Mox
1510 1512 1616 1544 Culleo
1630 1512 1712 1544 Vet.

902 1608 1049 1642 NOTAE

283 1690 302 1709 ¹¹
325 1691 393 1724 An.
411 1692 462 1725 M.
479 1696 575 1727 3851.
613 1694 671 1728 Ol.
690 1697 763 1728 144.
778 1698 811 1728 2.
855 1696 944 1729 Urb.

241 1742 280 1774 C.
294 1745 372 1775 550.
406 1742 490 1776 Ant.
507 1744 570 1777 Ch.
587 1748 664 1778 202.

1001 1694 1139 1728 ferente
1156 1695 1356 1728 Hannibale
1383 1694 1427 1728 ab
1444 1703 1491 1743 se
1504 1693 1712 1736 Minucium,

1001 1747 1060 1779 sed
1072 1757 1108 1779 se
1122 1757 1141 1779 a
1149 1747 1256 1779 Fabio
1267 1748 1394 1779 victum
1404 1757 1413 1778 :
1425 1755 1572 1788 eumque
1584 1755 1628 1778 ex
1636 1746 1712 1778 acie

282 1791 295 1813 f
313 1794 413 1826 Fabio
441 1799 545 1829 autem
579 1797 704 1839 [alteri]
742 1798 863 1830 Falsus
893 1801 947 1831 est

240 1845 424 1887 Valerius3
448 1857 514 1879 nec
530 1849 620 1880 enim
638 1850 728 1882 alter
743 1851 870 1883 Fabius
883 1854 947 1892 est,

239 1896 301 1928 sed
317 1896 407 1930 idem
426 1898 629 1934 Cunctator.

283 1951 301 1975 ἕ
322 1947 411 1980 Scito
438 1950 551 1992 plebis]
582 1952 654 1985 Cur
679 1953 858 1986 Dictatori
883 1955 946 1986 Fa-

238 1995 296 2029 bio
341 1998 543 2043 adaequatus
587 2003 762 2036 Minucius
797 2004 946 2037 diximus

240 2057 356 2090 supra.

281 2097 296 2120 ¹¹
318 2100 468 2133 Subsidio
482 2102 594 2146 Fabii]
615 2105 684 2138 Ubi
696 2107 888 2140 Minucium
902 2108 946 2140 ab

237 2150 435 2185 Hannibale
462 2154 736 2189 circumventum
766 2157 854 2190 vidit
881 2160 945 2190 Fa-

236 2200 329 2242 bins,
351 2204 564 2237 exclamasse
581 2205 712 2240 fertur:
738 2209 748 2227 ‘
761 2209 792 2241 Ο
809 2210 869 2241 Dii
884 2210 945 2241 im-

236 2254 413 2294 mortales,
423 2260 550 2297 quanto
563 2258 708 2290 celerius
719 2270 822 2301 quam
835 2261 945 2302 timui,

236 2302 345 2335 serius
369 2307 483 2336 tamen
500 2316 601 2348 qnam
618 2308 764 2350 cupivit,
791 2310 945 2351 perdidit

236 2362 274 2385 se
291 2354 480 2388 Minucius.
527 2357 630 2390 Nune
645 2359 788 2401 milites,
814 2360 843 2392 si
866 2363 942 2403 quis

234 2403 391 2436 meminit
415 2405 467 2438 M.
497 2406 642 2440 Minucii
668 2413 854 2450 properet:
890 2411 943 2443 vir

236 2454 325 2486 enim
354 2459 408 2488 est
422 2458 599 2499 egregius,
614 2464 651 2491 et
665 2470 781 2492 amans
796 2463 918 2503 patriae
934 2473 943 2494 ε

235 2505 327 2536 alind
349 2506 515 2548 jurgandi
542 2511 838 2553 snccensendique
859 2517 943 2544 tem-

235 2564 299 2595 pus
317 2559 393 2589 erit.
440 2559 542 2591 Nunc
566 2560 665 2602 signa
691 2566 792 2593 extra
815 2564 941 2595 vallum

235 2605 414 2647 proferte;
438 2609 618 2642 victoriam
642 2611 732 2643 hosti
757 2616 939 2654 extorque-

234 2665 344 2695 amus,
367 2657 617 2693 confessionem
640 2663 768 2694 erroris
784 2662 942 2695 civibus!

235 2705 432 2748 Antequam
459 2719 534 2742 cum
551 2711 650 2743 hoste
672 2722 809 2744 manum
825 2722 942 2745 conse·

234 2760 340 2798 reret,
358 2757 485 2791 Poenus
499 2762 655 2803 receptui
672 2763 811 2805 cecinit,
826 2764 939 2804 palam

1001 1798 1202 1831 redeuntem
1237 1798 1365 1830 dixisse
1401 1796 1534 1838 ferunt,
1569 1797 1712 1829 tandein

1002 1859 1078 1882 eam
1115 1850 1240 1882 nubem
1274 1860 1350 1892 qnae
1385 1849 1524 1881 sederet
1552 1848 1587 1880 in
1612 1848 1710 1890 jugis

1002 1901 1168 1933 montium
1180 1900 1389 1934 solicitatam
1402 1901 1554 1943 procella
1565 1899 1709 1933 imbrem

1002 1951 1152 1985 dedisse.
1678 1991 1680 1993 r

1044 2001 1053 2023 ¹
1075 2004 1208 2035 Patrem
1218 2002 1404 2046 appellavit]
1423 2002 1604 2036 Liberatus
1618 2001 1709 2038 enim

1002 2054 1177 2086 Minucius
1202 2055 1244 2086 ad
1271 2058 1386 2086 castra
1412 2054 1606 2087 Dictatoris
1629 2063 1707 2086 cum

1002 2106 1071 2138 suis
1088 2110 1275 2148 properat;
1298 2114 1402 2147 utque
1427 2106 1616 2138 constituta
1629 2108 1709 2137 sunt

1001 2163 1082 2189 ante
1119 2157 1266 2190 tribunal
1295 2157 1413 2199 signa:
1452 2155 1708 2197 ‘Parentibus,’

1000 2209 1125 2251 inquit,
1156 2208 1278 2249 ‘meis,
1303 2208 1478 2249 Dictator,
1517 2207 1640 2249 quibus
1670 2210 1706 2239 te

999 2260 1101 2292 modo
1138 2259 1287 2300 nomine,
1314 2268 1380 2301 quo
1410 2257 1514 2290 fando
1552 2267 1705 2300 possum,

1000 2311 1150 2353 aequavi,
1177 2311 1285 2343 vitam
1299 2314 1434 2342 tantum
1460 2308 1594 2348 debeo;
1626 2309 1706 2350 tibi,

998 2371 1075 2393 cum
1090 2371 1202 2393 meam
1217 2362 1375 2402 salntem,
1391 2363 1464 2392 tum
1479 2360 1630 2392 omnium
1645 2359 1704 2391 ho-

998 2424 1083 2446 rum.
1116 2413 1303 2455 Duplicem
1320 2412 1498 2445 victoriam
1511 2411 1704 2452 obtinuisti,

999 2466 1127 2498 virtute
1140 2467 1184 2498 de
1198 2465 1363 2506 hostibus,
1378 2464 1518 2497 consilio
1532 2469 1568 2496 et
1589 2463 1706 2495 liuma-

999 2516 1109 2548 nitate
1125 2516 1169 2548 de
1197 2517 1349 2557 Collega.
1394 2515 1518 2556 Itaque
1545 2513 1704 2555 plebisci-

998 2571 1083 2605 tum,
1101 2578 1169 2610 quo
1193 2572 1355 2600 oneratus
1371 2577 1443 2599 sum
1467 2566 1587 2607 magis,
1601 2575 1703 2608 quam

993 2619 1193 2657 honoratus,
1229 2619 1359 2661 primus
1388 2618 1531 2660 antiqno
1557 2617 1701 2658 abrogo-

995 2670 1088 2710 que,’
1097 2672 1164 2702 &c.
1180 2670 1236 2703 Ita
1248 2670 1364 2702 Livius
1376 2669 1436 2701 lib.
1449 2677 1547 2701 xxn.
1557 2671 1594 2700 et
1605 2668 1702 2701 Plut.

992 2719 1028 2751 in
1042 2720 1161 2752 Fabio.
