1878 3132
371 218 593 252 CAP..vl1.
629 216 692 249 ΟΕ.
724 212 1078 246 TESTAMENTIS
1114 209 1377 244 RESCISSIS.
1525 194 1606 239 72]

723 410 866 454 CAP.
909 408 1026 452 VII.

411 546 498 591 DE
527 542 981 590 TESTAMENTIS
1015 538 1352 583 RESCISSIS.

163 678 180 708 Ι
206 673 322 707 Patris
338 672 397 716 qui
423 672 532 705 filium
554 671 853 705 exhaeredaverat.
930 671 949 699 ⁵
973 666 1126 699 Terentii
1143 665 1335 716 cujusdam-

161 722 182 751 2
208 719 257 751 M.
274 716 400 750 Anneii
416 715 623 749 Carseolani.
930 714 952 743 6
976 710 1134 744 Naeviani
1152 709 1340 751 cujusdam.

162 765 182 794 3
207 761 386 794 c.'rettii.
931 757 951 786 7
975 754 1131 788 Juventii
1146 752 1337 796 cujusdam.

162 809 183 839 4
206 806 373 848 Septicioe
386 804 631 837 Trachalorum
648 804 780 837 matris.

201 917 453 961 VAGEMUS
475 931 593 960 nunc
612 918 812 972 negotio,
830 918 954 974 quod
977 922 1176 960 actorum
1191 917 1386 960 hominis
1401 922 1413 942 ¹
1448 919 1492 959 et
1512 929 1626 974 prae-

144 988 294 1044 cipuae
315 1000 453 1040 curae,
466 987 677 1043 etZultimi
690 991 758 1031 est
778 987 994 1043 temporis
1011 996 1053 1039 ;‘⁸
1075 986 1497 1042 consideremusque
1522 1000 1627 1042 quae

145 1059 413 1101 testamenta
429 1061 510 1100 aut
530 1058 728 1100 rescissa
755 1061 859 1100 sunt
890 1057 1087 1112 legitime
1123 1057 1273 1110 facta3
1304 1059 1392 1108 aut,
1415 1069 1515 1099 cum
1536 1069 1630 1098 me·

143 1127 231 1170 rito
271 1126 468 1170 rescindi
507 1132 713 1182 possent,
754 1133 849 1170 rata
885 1132 1175 1169 manserunt:
1215 1140 1374 1182 quaeve
1414 1126 1473 1168 ad
1496 1125 1629 1174 alios,

150 1210 288 1253 quam
333 1198 412 1254 qui
449 1198 771 1253 expectabant,
807 1197 1020 1240 honorem
1063 1195 1346 1239 haereditatis
1388 1196 1629 1239 transtule-

150 1271 264 1310 runt.
1226 1312 1228 1314 ,

207 1337 249 1378 l.
281 1333 434 1393 Atque
463 1328 565 1389 ista,
586 1340 637 1379 ut
667 1336 868 1389 ordine,2
900 1350 988 1393 quo
1009 1335 1246 1392 proposui,
1267 1347 1486 1391 exequar,
1516 1334 1634 1377 mili-

150 1407 288 1450 tantis
318 1406 557 1463 cujusdam
580 1411 719 1462 pater,
742 1420 844 1450 cum
879 1405 934 1448 de
961 1409 1104 1448 morte
1134 1404 1215 1447 filii
1245 1404 1406 1446 falsum
1426 1418 1452 1446 e
1470 1404 1634 1447 castris

150 1476 360 1523 nuntium
373 1476 647 1531 accepisset,
665 1476 767 1518 aliis
786 1475 1042 1518 haeredibus
1055 1474 1237 1530 scriptis
1257 1474 1471 1517 decessit.
1523 1474 1633 1517 Per-

151 1545 267 1588 actis
291 1545 452 1588 deinde
473 1545 726 1601 stipendiis,
748 1545 1014 1588 adolescens
1044 1557 1266 1595 reversus,
1290 1543 1471 1586 domum
1489 1556 1634 1587 errore

151 1615 298 1671 patris
338 1614 710 1670 impudentiaque
749 1615 989 1658 amicorum
1039 1613 1145 1656 sibi·
1181 1613 1385 1656 clausam
1437 1613 1635 1669 reperit-³

155 1683 281 1737 Quid
302 1684 423 1726 enim
440 1684 531 1726 illis
558 1684 931 1727 inverecundius?
962 1682 1117 1725 florem
1142 1682 1340 1738 juventae
1360 1696 1444 1738 pro
1477 1683 1638 1738 repub-

154 1754 247 1797 lica
267 1754 561 1804 absumserat,
596 1753 818 1795 maximos
849 1753 1027 1795 labores
1050 1756 1097 1793 et
1121 1751 1316 1807 plurima
1346 1752 1546 1807 pericula
1569 1757 1638 1795 to-

154 1822 390 1874 leraverat,
403 1822 593 1865 adverso
606 1836 790 1878 corpore
805 1826 1031 1877 exceptas
1044 1825 1064 1852 4
1095 1821 1365 1864 ostendebat
1381 1822 1637 1865 cicatrices:

158 1895 205 1936 et
223 1892 504 1949 postulabat,
524 1894 538 1913 ‘
554 1905 609 1934 ne
623 1895 639 1922 ⁵
670 1893 818 1935 avitos
839 1891 936 1947 ejus
968 1892 1085 1934 lares
1106 1891 1257 1934 otiosa
1277 1892 1367 1947 ipsi
1388 1892 1487 1934 urbi
1507 1904 1640 1934 onera

156 1959 495 2016 possiderent*
555 1961 720 2017 Itaque
750 1961 971 2017 depositis
1006 1960 1144 2003 armis
1175 1964 1362 2003 coactus
1389 1965 1461 2004 est
1479 1962 1525 2003 in
1545 1960 1640 2003 soro

203 2103 223 2150 ⁰·
234 2098 329 2130 Num.-
343 2107 409 2131 rem
422 2107 655 2140 persequamur,
674 2108 766 2140 quam
777 2098 918 2132 homines
929 2101 961 2131 et
972 2099 1111 2131 maxima
1121 2108 1210 2141 cura,
1221 2102 1252 2131 et
1264 2102 1406 2132 extremo
1415 2100 1492 2132 vitoe
1505 2102 1642 2142 tempore

151 2141 431 2227 sacguEng.pmbat'
445 2195 484 2218 ne
498 2185 547 2217 ini
562 2186 656 2218 otiosi
671 2186 811 2220 hoeredes
822 2187 937 2230 scripti
953 2197 973 2219 α
993 2188 1098 2229 patre,
1121 2187 1175 2229 qui
1189 2186 1315 2220 civitati
1329 2190 1420 2221 eram
1444 2187 1545 2231 oneri,
1568 2197 1643 2231 pos-

160 2228 303 2262 siderent
316 2230 443 2262 domum
457 2228 522 2270 qius
536 2229 575 2261 ab
590 2230 659 2262 avis
673 2234 842 2272 acceptum.

782 2326 1023 2342 ‘maweu'

208 2398 226 2428 1
251 2395 380 2437 Ultraj.
396 2398 426 2428 1.
448 2397 530 2437 quod
553 2399 733 2428 cunctorum
759 2397 997 2431 hominum—2
1021 2403 1030 2417 ¹
1045 2399 1104 2431 Sic
1124 2398 1279 2431 nonnulli
1301 2397 1403 2430 codd.
1430 2397 1510 2430 alii:
1536 2397 1644 2438 Atque

162 2443 199 2471 ut
215 2449 251 2471 ea
263 2438 394 2477 ordinm·
416 2448 510 2481 pars,
531 2438 637 2481 Atque
651 2440 698 2472 ita
712 2443 748 2472 ut
763 2450 800 2473 ea
813 2442 922 2474 ordine
931 2454 944 2481 ,-
968 2442 1118 2485 quidam,
1140 2443 1247 2484 Atque
1259 2443 1308 2474 ita
1322 2442 1445 2474 ordine.
1475 2439 1582 2482 Atque
1599 2441 1646 2473 ita

163 2486 200 2515 ut
214 2492 250 2515 ea
264 2483 373 2515 ordine
390 2483 573 2524 legebatur
588 2487 669 2515 ante
686 2483 848 2542 Pighium
865 2485 900 2517 in
916 2486 1072 2518 omnibns
1090 2485 1176 2518 Edd.
1224 2485 1300 2518 An?
1332 2486 1437 2526 Aeque
1461 2484 1526 2517 ista
1551 2487 1585 2516 ul
1611 2494 1646 2516 eo

164 2527 285 2567 ordine,
308 2536 368 2568 quo
380 2527 541 2568 proposui,
562 2537 728 2568 exsequar.
764 2527 913 2562 Torren.
959 2530 1044 2561 Mox
1071 2530 1185 2562 alienis
1204 2529 1380 2562 haeredibus
1404 2529 1438 2560 in
1455 2527 1554 2561 Leid.
1568 2531 1647 2560 6.-

166 2571 187 2601 3
209 2569 268 2602 Ita
292 2569 438 2612 Pighius
465 2579 510 2602 ex
535 2571 611 2603 Sus.
637 2575 675 2602 et
698 2570 812 2605 Pulm.
839 2583 940 2614 quem
962 2574 1021 2605 alii
1048 2573 1201 2605 editores
1217 2572 1327 2605 secuti
1342 2577 1442 2604 sunt:
1469 2571 1526 2603 alii
1542 2571 1645 2604 codd.

168 2621 245 2644 cum
259 2612 340 2645 edd.
357 2617 441 2646 vett.
463 2615 642 2647 adolescens
655 2615 779 2647 domum
801 2616 897 2658 petie,
920 2616 994 2658 (vel
1014 2616 1140 2659 petiit,)
1161 2626 1267 2648 errore
1291 2626 1322 2656 p.
1341 2616 1366 2648 i.
1387 2626 1419 2648 a.
1444 2616 1570 2647 domum
1583 2615 1647 2647 siba·

167 2665 195 2687 c.
216 2656 347 2705 repe-tit.
391 2656 470 2689 Vox
484 2658 607 2691 domum
623 2659 656 2690 in
674 2659 831 2691 omnibus
847 2661 1055 2701 geminatur,
1079 2660 1141 2691 sed
1158 2660 1193 2691 in
1210 2659 1416 2702 quibusdam
1433 2659 1552 2691 statim
1570 2663 1648 2699 post

166 2701 248 2739 pem
266 2698 476 2733 collocatur:
501 2711 645 2735 reversus
667 2701 703 2733 in
728 2704 820 2735 nullo
838 2704 904 2735 alio
921 2704 1010 2736 libro
1027 2707 1219 2745 comparet,
1241 2707 1278 2736 et
1294 2702 1505 2744 ejiciendum
1523 2707 1648 2744 putant

169 2741 499 2792 'forren.et·Kapp.
543 2744 554 2763 ‘
572 2745 642 2777 Pro
661 2746 779 2787 reperit
796 2748 922 2789 Copes.
946 2748 1092 2788 reperiit,
1117 2756 1159 2778 ex
1186 2757 1254 2789 quo
1284 2746 1389 2778 verbo
1414 2755 1567 2778 errorem
1591 2746 1647 2778 hic

170 2785 471 2835 natum-arbitror,
495 2791 532 2819 et
557 2789 655 2829 lego:
687 2790 864 2823 adolescens
886 2792 1009 2823 domum
1037 2799 1142 2822 errore
1167 2790 1470 2832 paeris‚...repetiit:
1493 2790 1648 2822 nonnulli

172 2827 271 2860 codd.
293 2829 518 2872 emprudentia,
537 2831 599 2863 sed
615 2833 755 2866 omnino
771 2834 883 2867 male!
908 2835 1105 2867 Turrem—4
1131 2834 1228 2867 Harl.
1245 2834 1341 2867 delet
1357 2837 1564 2876 exceptas-5
1589 2835 1649 2865 Bi-

261 2883 378 2925 Delph.
393 2887 423 2915 ee
445 2884 519 2917 Vur.
534 2885 620 2918 ctae.
814 2888 883 2921 Vol.
901 2889 992 2920 Max.
1487 2890 1507 2921 2
1532 2888 1559 2919 Ζ
