1878 3132
281 155 367 198 ’718
668 170 879 204 vALsRn
913 174 1110 208 MAxrm
1143 177 1239 209 mn.
1273 178 1362 210 vn.

281 264 477 317 dextera,
512 278 614 309 cum
646 268 782 311 armis
818 268 1064 313 Mundamq
1095 272 1365 325 clausisset,r
1393 276 1629 333 aggerique
1663 291 1743 322 ex-

277 334 467 377 truendo
499 336 682 379 materia
706 336 933 390 deficeret,
966 341 1169 395 congerie
1199 341 1430 386 hostilium
1462 345 1743 398 cadaverum,

277 417 414 459 quam
434 403 761 448 desideraverat
781 407 1058 450 altitudinem
1079 409 1316 454 instruxit:
1348 425 1538 468 eamque
1558 415 1742 469 tragulis

276 478 322 516 et
350 473 470 529 pilis,
491 473 598 529 quia
617 475 815 517 roboreae
848 476 987 519 sudes
1015 477 1206 532 deerant,
1225 481 1438 536 magistra
1468 496 1599 527 novae
1614 483 1742 528 moli-

272 542 411 585 tionis
426 543 698 586 necessitate
720 557 829 585 usus
849 545 1071 588 vallavit*

329 609 372 654 6.
401 609 554 666 Atque
586 616 638 654 ut
672 612 866 655 divinam
882 618 916 643 ³⁰
945 613 1026 656 filii
1059 617 1333 660 mentionem
1367 619 1565 662 coelestis
1596 619 1740 675 patris

270 680 573 723 recordationi
603 683 881 734 subnectam,
903 696 1006 726 cum
1035 684 1258 730 effusurus
1290 700 1340 730 se
1360 688 1404 730 in
1431 692 1610 732 nostras
1634 702 1740 745 pro-

270 748 441 791 vincias
462 749 724 792 Parthorum
741 763 821 792 rex
836 750 1075 795 Phraartes
1091 758 1105 776 ⁸
1135 754 1368 807 videretur,
1384 756 1637 812 vicinaeque
1657 757 1739 800 im-

268 817 395 872 perio
417 817 516 872 eJ'us
535 819 743 872 regiones
766 820 917 862 subita
937 820 1096 864 indicti
1110 827 1141 853 ³¹
1172 825 1391 867 tumultus
1405 825 1739 869 denuntiatione

268 890 555 941 quaterentur
573 901 583 930 :
610 890 729 930 tanta
746 888 794 930 in
815 889 1082 944 Bosporano
1101 890 1273 934 tractut
1300 896 1576 936 commeatus
1595 907 1738 950 penu-

266 955 335 998 ria
364 955 567 1007 incessit,
593 958 642 999 ut
676 969 759 999 sex
787 957 987 1000 millibus
1026 959 1216 1002 denariis
1254 961 1429 1015 singula
1447 974 1560 1005 vasa
1593 962 1737 1014 olei,³²

262 1024 559 1081 frumentique
578 1026 744 1069 modiis
765 1026 952 1070 totidem
971 1029 1201 1084 mancipia
1222 1020 1591 1084 permutat-entur.
1642 1023 1734 1074 Sed

265 1094 586 1137 amarissimam
603 1099 916 1150 tempestatem
936 1095 1132 1152 Augusti
1154 1110 1278 1151 cura,
1300 1100 1450 1143 tutelae
1472 1103 1575 1143 tunc
1595 1103 1736 1144 terra-

263 1175 358 1204 rum
376 1175 559 1215 vacans,
580 1163 781 1220 dispulit.

860 1251 1124 1284 EX'I'ERNA.

317 1324 360 1366 l.
390 1323 678 1369 Cretensibus
698 1327 808 1370 nihil
836 1327 925 1370 tale
953 1328 1152 1383 praesidii
1173 1328 1365 1372 affulsit:
1397 1329 1475 1385 qui
1495 1329 1732 1372 obsidione

831 1435 843 1446 δ
876 1427 1115 1440 *aeoaeoe‘eeaeee

260 1481 423 1515 Perizon.
448 1482 542 1524 conj.
567 1482 635 1515 divi
648 1484 731 1524 jam,
755 1483 776 1516 i.
802 1493 832 1516 e.
852 1484 927 1525 jam
953 1485 1080 1517 mortui
1098 1488 1136 1517 et
1160 1484 1204 1517 ad
1227 1485 1323 1517 Deos
1339 1484 1454 1524 relati,
1470 1489 1592 1517 contra
1609 1494 1726 1517 omnes

260 1525 362 1558 codd.
393 1525 478 1557 Mox
493 1526 575 1558 Vet.
590 1527 806 1559 caelesti.—3l
832 1527 921 1559 Edd.
939 1529 1128 1570 pleraeque,
1142 1528 1266 1560 inducti
1279 1539 1292 1566 ;
1315 1527 1376 1560 sed
1393 1537 1511 1560 omnes
1533 1527 1608 1560 fere
1623 1528 1726 1562 codd.

257 1568 472 1601 indicit—32
494 1569 549 1601 Sic
580 1579 697 1602 omnes
723 1570 825 1603 codd.
851 1571 962 1604 tribus
992 1572 1095 1604 modo
1119 1572 1291 1614 exceptiS,
1318 1580 1503 1614 omnesque
1534 1571 1621 1604 editi
1646 1575 1727 1604 ante

257 1612 431 1652 Pii-mium,
444 1612 595 1655 itemque
611 1614 728 1647 Vorst.
745 1618 781 1646 et
802 1614 942 1647 Torren.
988 1615 1143 1657 Pighius,
1167 1625 1269 1657 quem
1287 1615 1431 1648 Colerus
1445 1619 1586 1647 secutus
1603 1619 1670 1655 est,
1685 1624 1730 1648 ex

257 1655 375 1688 Pulm.
405 1656 480 1688 Sus.
509 1661 547 1688 et
571 1655 694 1690 Atreb.
724 1657 854 1690 edidit:
886 1659 936 1690 uti
950 1668 970 1690 a
984 1659 1151 1699 militibus,
1174 1659 1310 1699 singulis
1326 1658 1397 1700 olei,
1413 1659 1466 1700 ᾅτ.
1510 1658 1644 1691 Contra
1659 1658 1730 1690 lec-

258 1699 388 1732 tionem
403 1699 607 1741 Pighianam
622 1705 739 1733 monet
751 1701 922 1743 Vorstius,
933 1702 962 1734 si
973 1701 1108 1742 singulis
1119 1712 1238 1734 verum
1250 1708 1358 1744 esset,
1371 1711 1440 1733 non
1456 1702 1553 1744 sequi
1568 1701 1731 1734 debuisse

257 1744 401 1782 totidem,
416 1743 476 1775 sed
491 1743 640 1784 singula:
661 1745 827 1777 Torrenio
845 1755 927 1777 vero
941 1745 1095 1777 militibus
1115 1755 1181 1777 nou
1198 1746 1326 1787 placet,
1342 1745 1432 1788 quod
1450 1754 1534 1778 cura
1547 1745 1732 1787 providen-

259 1787 295 1818 di
317 1787 567 1819 commeatibus
590 1787 633 1819 ad
665 1788 772 1820 duces
806 1790 922 1830 potius
956 1798 1059 1830 quam
1088 1788 1132 1820 ad
1162 1789 1289 1821 milites
1319 1788 1527 1830 pertinuisse
1559 1788 1730 1821 videatur.

259 1830 362 1863 Quod
377 1829 420 1866 ad
437 1830 580 1862 alteram
596 1831 778 1863 lectionem
794 1832 936 1872 attinet,
949 1841 1024 1874 quae
1039 1832 1072 1863 in
1094 1832 1221 1864 ceteris
1238 1832 1333 1863 libris
1346 1835 1401 1864 est
1416 1835 1453 1864 et
1468 1841 1568 1874 quam
1584 1831 1660 1872 ipse
1674 1841 1729 1863 re·-

257 1873 357 1914 petii,
382 1877 489 1906 restat
513 1874 595 1906 mihi
611 1875 804 1916 scrupulus.
850 1876 921 1908 Vas
937 1875 1028 1907 enim
1046 1885 1113 1907 non
1129 1882 1205 1907 erat
1220 1874 1375 1907 definitae
1391 1874 1650 1916 magnitudinis,
1665 1874 1728 1907 sed

257 1916 360 1948 modo
378 1916 487 1958 majus
501 1917 604 1949 modo
619 1917 741 1951 minus.
789 1918 868 1951 Non
886 1923 939 1950 est
961 1923 1074 1950 autem
1091 1918 1272 1958 credibile,
1287 1919 1411 1950 milites
1425 1919 1551 1958 singula
1564 1928 1640 1950 uasa
1655 1917 1728 1959 olei,

257 1960 330 1991 sive
346 1960 487 2001 majora,
503 1961 575 1992 sive
590 1962 721 1993 minora
737 1967 866 2003 essent,
883 1961 1072 1995 redemisse
1087 1971 1146 1994 sex
1161 1961 1298 1994 millibus
1312 1961 1462 1994 denariis.
1507 1961 1647 1994 Deinde
1658 1960 1730 1994 hae-

257 2013 317 2035 reo
333 2003 367 2035 in
382 2014 438 2035 sex
449 2005 588 2036 millibus
602 2005 752 2046 denariis,
767 2010 804 2037 et
819 2015 896 2038 cum
909 2005 1095 2038 Perizonio
1109 2005 1225 2047 placet
1239 2005 1322 2036 mihi
1330 2015 1388 2037 sex
1402 2004 1540 2037 millibus
1549 2003 1730 2044 denarium,

257 2046 348 2089 quod
363 2047 470 2079 habet
486 2047 627 2080 Ascens.
643 2048 768 2091 Neque
785 2052 900 2081 tamen
928 2049 977 2081 sic
999 2049 1093 2081 locus
1117 2048 1198 2081 mihi
1224 2048 1359 2081 videtur
1375 2049 1459 2080 satis
1475 2047 1604 2080 sanus!
1623 2049 1733 2090 Kapp.

921 2134 953 2166 N
958 2132 1063 2166 OTAE

256 2196 458 2239 proderent.
504 2198 562 2230 Ita
584 2199 717 2231 Florus.
763 2200 851 2232 Post
876 2209 965 2242 prae-
1064 2198 1280 2240 ⁸Phraartes]
1296 2198 1424 2231 Orodis
1440 2197 1551 2237 filius;
1577 2196 1648 2238 qui,
1660 2205 1727 2239 quo

255 2248 338 2280 lium
369 2248 487 2281 amicis
521 2249 668 2290 ingenue
698 2249 871 2283 confessus
900 2255 965 2291 est,
1021 2253 1058 2282 et
1083 2249 1185 2282 citius
1201 2253 1238 2282 et
1263 2250 1371 2282 tutius
1395 2253 1568 2292 regnaret,
1591 2252 1727 2290 patrem

256 2309 352 2341 saepe
377 2309 413 2331 se
436 2309 499 2341 pro
521 2300 683 2340 victoria;
720 2301 754 2332 in
780 2302 966 2343 praesentia
1019 2299 1215 2343 fratresque
1249 2301 1375 2333 multos
1412 2310 1474 2333 seu
1504 2309 1635 2332 veneno
1665 2309 1727 2332 seu

256 2359 341 2382 vero
355 2359 417 2392 pro
435 2350 505 2382 vita
523 2350 670 2392 primum
686 2351 878 2385 dimicasse.
1018 2350 1111 2383 ferro
1127 2351 1279 2385 sustulit.

298 2405 315 2428 (ί
344 2401 515 2442 Mundam]
559 2401 739 2443 Oppidum
782 2402 962 2444 Hispaniae
1062 2403 1074 2423 t
1087 2403 1272 2444 Bosporano
1302 2402 1422 2444 tractu]
1453 2401 1618 2434 Geminus
1649 2404 1725 2440 est;

254 2452 411 2493 Baeticae,
424 2453 488 2485 hac
503 2462 619 2495 pugna
631 2452 863 2486 nobilitatum.
892 2454 963 2486 Ho-
1018 2453 1202 2494 Thracius,
1218 2454 1275 2496 qui
1291 2453 1449 2495 angustia
1462 2451 1567 2484 maris
1577 2449 1728 2484 efficitur

256 2503 313 2535 die
331 2504 466 2536 Munda.
1017 2503 1109 2537 inter
1145 2504 1348 2546 Byzantium
1385 2508 1422 2536 et
1458 2501 1725 2543 Chalcedonem,

296 2558 310 2574 ¹·
328 2554 516 2597 clausisset]
539 2554 570 2587 A
586 2554 693 2587 Fabio
710 2554 844 2597 Legato
860 2555 960 2586 Mun·
1016 2565 1107 2588 nunc
1120 2555 1239 2587 detroit
1263 2557 1302 2587 de
1326 2554 1580 2595 Constantinople
1591 2564 1602 2584 .·
1635 2552 1727 2585 Cim-

256 2604 334 2637 dam
350 2605 497 2637 obsideri
503 2605 622 2648 jussit,
634 2616 654 2638 a
670 2617 736 2649 quo
750 2606 901 2639 maxima
914 2607 961 2639 ci·
1015 2606 1157 2647 merlus,
1175 2605 1333 2647 angustia
1348 2605 1449 2637 maris
1472 2605 1563 2637 inter
1579 2603 1724 2637 Cherso-

257 2655 349 2686 vinm
361 2656 456 2688 caede
469 2661 665 2698 expugnata
680 2662 745 2690 est.
1014 2666 1131 2689 nesum
1152 2657 1334 2688 Tauricam
1358 2656 1392 2687 in
1417 2656 1569 2697 Europa,
1588 2658 1624 2686 et
1646 2654 1724 2686 Sar-

299 2705 318 2725 *
332 2705 402 2737 An.
415 2707 466 2738 Μ.
480 2710 579 2740 4009.
604 2707 662 2741 Ol.
681 2711 755 2742 183.
766 2710 798 2741 4.
820 2708 906 2742 Urb.
921 2708 961 2742 C.
1014 2707 1156 2740 matiam
1173 2708 1207 2740 in
1220 2707 1316 2749 Asia,
1334 2707 1435 2740 hodie
1458 2707 1576 2740 deti-oie
1590 2707 1629 2738 de
1645 2705 1723 2748 Caf-

255 2757 329 2788 ⁷08.
353 2756 438 2789 Ant.
457 2758 518 2790 Cli.
534 2760 589 2790 44.
1007 2758 1069 2797 fa.-
1092 2769 1112 2791 a
1125 2768 1191 2802 quo
1205 2759 1421 2801 Bospliorani
1438 2759 1612 2791 dicuntur.
