1878 3132
414 170 522 201 CAP.
549 168 634 199 vu.
669 168 731 199 nn
764 165 948 199 srumo
984 166 1043 196 Er
1077 166 1377 199 mous‘rnm.
1552 155 1631 198 761

164 267 277 309 riam
298 265 398 322 ejus
417 266 656 321 quisquam
690 262 946 312 tardiorem,
978 265 1054 303 aut
1077 260 1326 309 firmitatem
1361 260 1516 303 lateris
1548 261 1641 304 ulla

163 349 220 378 ex
242 339 369 391 parte
389 339 668 390 quassatam,
690 337 768 375 aut
787 345 840 374 os
862 330 1138 374 haesitatione
1159 329 1420 385 impeditum
1437 330 1640 373 animad-

163 404 310 447 vertit.
371 402 492 456 Quia
509 402 658 445 omnia
676 402 766 444 ista
785 402 833 443 in
865 403 987 442 statu
1019 411 1103 440 suo
1131 397 1302 453 aequali
1333 411 1387 440 ac
1421 403 1640 454 perpetua

162 472 379 515 industria
398 468 690 515 continebat?
748 469 872 522 Quin
904 469 1038 512 etiam
1059 467 1106 510 in
1124 467 1229 522 ipso
1251 466 1499 509 diutissime
1520 472 1639 510 actae

161 543 267 584 vitae
286 542 371 584 fine
390 540 676 584 disertissimi
697 539 887 582 oratoris
907 538 1068 582 Galbae
1100 537 1382 579 accusationi
1417 535 1638 579 defensio-

159 623 262 653 nem
283 623 413 653 suam
434 622 517 666 pro
540 608 771 664 Hispania
792 607 1035 664 opposuit.³
1052 609 1072 630 ‘¹

215 679 346 722 Idem
379 677 556 722 Graecis
590 678 734 721 literis
772 677 966 720 erudiric
1012 677 1298 732 concupivit:
1346 689 1483 731 quam
1518 687 1635 726 sero,

157 748 262 791 inde
282 749 575 799 aestimemus,
609 747 733 803 quod
763 747 896 790 etiam
917 747 1104 790 Latinas
1134 759 1263 802 paene
1288 745 1386 801 jam
1407 757 1549 787 senex
1571 743 1636 787 di-

157 817 283 860 dicit.
343 816 548 873 Cumque
584 816 836 871 eloquentia
871 829 1076 871 magnam
1106 815 1203 871 jam
1238 815 1425 870 gloriam
1459 818 1635 870 partam

155 885 359 937 haberet,
381 885 428 928 id
447 886 552 940 egit,
572 888 620 927 ut
629 884 747 940 juris
767 885 913 927 civilis
933 898 1115 941 quoque
1135 891 1254 928 esset
1274 884 1588 941 peritissimus.

211 955 256 998 2.
286 954 427 1011 Cujus
470 953 659 997 mirifica
690 951 874 1009 prole8,‘¹
914 955 1099 1009 propior
1133 954 1261 996 aetati
1301 958 1467 996 nostrae
1501 951 1634 1004 Cato,

154 1026 222 1068 ita
241 1024 461 1067 doctrinae
484 1023 736 1079 cupiditate
768 1022 992 1078 flagravit,
1026 1028 1079 1065 ut
1109 1036 1164 1065 ne
1196 1024 1241 1066 in
1274 1023 1399 1066 curia
1434 1022 1635 1077 quidem,

153 1093 261 1136 dum
295 1098 478 1136 senatus
514 1093 703 1147 cogitur,
740 1095 1005 1148 temperaret
1042 1093 1143 1144 sibi,
1179 1106 1267 1148 quo
1305 1092 1454 1134 minus
1494 1091 1634 1133 libros

153 1161 347 1205 Graecos
373 1161 611 1204 lectitaret.
673 1159 780 1212 Qua
811 1161 992 1216 quidem
1026 1161 1246 1204 industria
1280 1161 1492 1212 ostendit,
1527 1159 1632 1203 aliis

151 1236 354 1287 tempora
374 1230 544 1282 deesse,
564 1230 678 1272 alios
700 1230 981 1285 temporibus
1002 1237 1272 1285 superesse.†

206 1300 250 1343 3.
279 1300 513 1342 Terentius
552 1302 698 1341 autem
737 1297 902 1349 Varr0,
941 1298 1145 1341 humanae
1196 1300 1302 1341 vitae
1339 1298 1548 1353 exemplo
1585 1303 1631 1340 et

150 1370 300 1426 spatio
346 1367 680 1420 nominandus‚4
723 1380 812 1410 non
852 1369 998 1419 annis,
1042 1368 1208 1423 quibus
1244 1367 1402 1411 saeculi
1451 1371 1631 1422 tempus

149 1439 377 1495 aequavit:
406 1451 542 1494 quam
575 1437 693 1494 stylo
722 1438 924 1480 vivacior
943 1438 1060 1481 fuit.⁶
1112 1437 1164 1480 In
1195 1438 1352 1480 eodem
1385 1436 1500 1479 enim
1536 1437 1630 1480 lec-

190 1563 204 1585 ⁶
219 1562 385 1596 Terentius
397 1565 503 1594 autem
522 1561 624 1594 Varro
639 1566 788 1604 quantum
802 1562 938 1595 humana
952 1562 1020 1595 vita
1039 1562 1073 1595 in
1088 1562 1266 1594 studiorum
1280 1561 1385 1594 labore
1397 1562 1512 1594 durare
1524 1564 1629 1604 potest

142 1617 201 1649 pro
216 1607 356 1648 exemplo
369 1605 574 1648 afferenda&
598 1616 660 1638 non
681 1607 766 1639 vixit
788 1607 920 1647 diutius,
935 1616 1027 1648 quam
1047 1607 1212 1640 scribendo
1234 1607 1351 1648 stylum
1375 1606 1529 1648 exercuit,
1553 1605 1628 1638 licet

144 1651 283 1693 spatium
299 1650 408 1683 saeculi
421 1650 606 1692 oequerit.
1409 1674 1414 1678 ,

765 1714 1002 1728 ΜΜΝΝΟ

143 1779 260 1811 rma«
276 1779 309 1820 j.
324 1788 356 1812 a.
375 1780 511 1820 perstat,
525 1779 647 1819 &ce—8
671 1776 835 1811 Glarean.
863 1776 934 1819 legi
961 1776 1050 1817 vult,
1072 1776 1297 1818 apposuit.—4
1321 1777 1331 1795 ‘
1349 1775 1407 1808 Ita
1423 1780 1521 1808 recte
1536 1777 1625 1809 anti·

142 1822 283 1864 quiores
298 1822 393 1865 typis
410 1821 581 1863 expressi,
603 1827 641 1853 et
658 1821 749 1853 Dan.
768 1826 807 1854 ut
822 1821 966 1853 Colerus
983 1824 1156 1860 testatur3
1179 1825 1304 1862 estque
1321 1819 1372 1852 ita
1387 1825 1424 1852 et
1440 1820 1473 1852 in
1492 1821 1625 1853 Brand.

142 1866 208 1898 nisi
234 1867 325 1909 quod
349 1865 558 1897 nominandus
582 1865 639 1897 hic
666 1864 778 1898 deest.
824 1865 969 1908 Pighius
995 1873 1039 1896 ex
1065 1874 1133 1896 uno
1157 1863 1281 1905 camp.
1298 1864 1456 1906 scripsit:
1481 1865 1625 1897 humum

140 1909 217 1941 υἱέα
231 1910 416 1951 exemplum,
442 1908 609 1950 oetatisque
631 1909 791 1950 epatium,-
813 1913 849 1941 et
873 1908 1094 1948 nominandus,
1117 1907 1207 1950 quod
1226 1918 1247 1940 a
1267 1907 1348 1940 cod.
1372 1907 1433 1940 illo
1448 1907 1559 1949 abest,
1575 1913 1626 1940 ta-

140 1961 220 1984 men
237 1953 394 1986 retinuit.
437 1952 568 1984 Verum
597 1961 697 1995 quam
725 1952 968 1985 inconcinnum
984 1951 1069 1983 illud
1095 1951 1204 1984 aetatis
1224 1952 1363 1993 spatium
1390 1951 1624 1984 nominandus!

143 1995 225 2028 Non
242 2000 358 2038 potest
372 1996 485 2028 Varro
501 1996 616 2028 aetatis
631 1996 780 2037 spatium
798 1996 988 2034 nominari3
1012 1995 1074 2027 sed
1089 1995 1259 2027 nominari
1274 1994 1366 2026 idem
1383 1999 1503 2036 potest
1519 2005 1622 2038 prop-

145 2043 199 2071 ter
214 2041 330 2073 aetatis
345 2039 505 2081 spatium.
549 2038 603 2071 Ac
620 2049 684 2081 pro
704 2039 780 2081 ipso
805 2039 864 2072 illo
884 2043 1015 2082 propter
1027 2039 1136 2071 oetatis
1150 2038 1289 2080 spatium
1304 2039 1462 2071 Valerius
1478 2039 1623 2081 scripsit

139 2083 249 2115 oetatiu
273 2084 389 2125 spatio.
434 2082 602 2115 Ablativo
629 2093 768 2115 calisam
799 2083 972 2121 denotari.
1006 2082 1089 2115 nihil
1116 2081 1226 2114 novi.²
1252 2082 1358 2115 Vorst.
1403 2083 1568 2124 ‘exemplo
1589 2087 1623 2115 et

136 2127 240 2168 spatio
267 2132 321 2160 est
346 2126 419 2159 fere
445 2126 478 2159 in
505 2125 662 2159 omnibus
687 2126 836 2160 nostris:
861 2125 986 2187 Ultraj.
1013 2126 1116 2169 prim.
1143 2126 1317 2167 exemplum
1331 2125 1445 2168 spatio.
1490 2126 1620 2169 Ultraj.

805 2178 991 2247 now*
1351 2232 1354 2235 ,
1578 2211 1604 2244 2.

181 2289 196 2310 ¹³
239 2289 408 2322 Indflwffiss
453 2288 647 2330 ωπίίῆὠαῑ]
697 2288 850 2322 Dicebat
904 2295 983 2327 dem
1001 2295 1110 2328 tradit
1126 2295 1251 2328 Cicero
1266 2296 1300 2329 in
1314 2296 1473 2337 catone;
1495 2297 1618 2331 scribit

132 2341 302 2390 §criptum
334 2341 398 2373 Sibi
435 2350 512 2373 0⁸⁸0
549 2341 848 2381 c⁰mm²⁰t³¹3u¹¹¹n
903 2351 1019 2379 tamen
1038 2347 1245 2380 Plutarchus
1260 2358 1339 2381 eum
1354 2359 1373 2381 a
1389 2349 1498 2381 literis
1516 2349 1616 2382 Grae·

134 2393 232 2434 cujus
259 2393 447 2434 praeceptis
473 2397 510 2425 et
529 2403 623 2425 suam
647 2398 684 2425 et
709 2403 847 2426 suorum
901 2397 951 2430 cis
965 2397 1015 2430 ita
1030 2407 1190 2430 aversum
1208 2397 1327 2440 fuisse,
1341 2405 1380 2432 ut
1397 2404 1434 2432 et
1448 2399 1555 2432 filium
1571 2401 1617 2432 ab

134 2443 369 2475 valetudinem
387 2444 846 2487 tueretur3ep1acitisprae-
901 2448 964 2481 hoc
991 2450 1107 2482 studio
1138 2455 1316 2491 avocaret,
1340 2456 1378 2483 et
1407 2451 1616 2492 praedicaret

134 2493 238 2535 cipua
254 2494 328 2526 liaec
345 2498 463 2527 erant:
480 2494 559 2527 cibo
570 2494 746 2528 abstinere
759 2506 844 2528 nim-
900 2500 1074 2534 interdum
1102 2502 1272 2537 Romanos
1298 2502 1366 2534 illis
1381 2501 1530 2536 infectos
1546 2503 1614 2536 dis-

134 2553 248 2585 quam,
265 2545 357 2578 vesci
372 2545 521 2578 oleribus
544 2551 580 2578 et
596 2555 699 2579 carne
720 2549 843 2590 anatis,
899 2553 1037 2596 ciplinis
1050 2554 1233 2586 amissuros
1250 2554 1450 2596 Imperium.

136 2599 197 2626 aut
213 2596 379 2637 palumbi,
393 2601 454 2629 aut
470 2597 613 2639 leporis.
940 2605 956 2628 d
980 2607 1125 2648 Minfica
1150 2607 1269 2648 proles]
1301 2607 1391 2640 Cato
1422 2609 1612 2651 Uticensis,

177 2645 196 2664 ⁶
210 2645 275 2679 An.
291 2647 341 2680 M.
356 2650 453 2681 3894.
479 2649 537 2681 Ol.
555 2651 629 2683 1⁵5.
647 2652 677 2683 1.
700 2650 784 2684 Urb.
801 2652 842 2685 C.
897 2666 966 2691 uon
982 2658 1072 2690 illius
1088 2656 1190 2699 filius,
1202 2658 1261 2690 sed
1275 2668 1457 2702 pronepos.

133 2699 210 2730 593.
233 2697 316 2729 Ant.
333 2697 396 2730 Ch.
413 2700 488 2731 159.
942 2713 957 2743 †
983 2708 1048 2740 An.
1066 2708 1117 2740 M.
1132 2710 1228 2741 3995.
1241 2708 1299 2743 Ol.
1318 2713 1394 2743 180.
1410 2713 1442 2743 2.
1466 2710 1553 2744 Urb.
1570 2712 1610 2746 C.

175 2751 189 2769 ‘-
214 2742 451 2782 Gratuita-is
464 2751 601 2792 erudiri]
647 2752 746 2786 Idem
770 2755 842 2797 qui-
896 2761 975 2792 694.
1012 2758 1096 2792 Ant.
1114 2759 1175 2792 Ch.
1189 2762 1244 2793 58.
