1878 3132
296 151 383 194 766
670 166 878 200 vsnnnu
911 168 1106 203 ΜΑΧιΜι
1142 172 1236 204 mn.
1260 172 1367 206 vm.

295 257 557 315 multiplicis
592 262 789 307 scientiae
820 266 1020 309 maxima
1052 268 1193 311 totius
1228 268 1422 313 Graeciae
1460 270 1754 316 admiratione

294 328 523 382 specimen
536 333 572 352 ²²
601 330 898 384 exhibuisset,
917 336 930 356 ‘
944 347 1034 389 quo
1054 337 1310 390 cognomine
1329 339 1607 391 censeretur,'
1627 340 1755 384 inter-

294 401 491 449 rogatus,
512 401 525 420 ‘
541 411 630 440 non
652 413 701 442 se
729 402 839 455 σοφὸν
858 401 973 458 (jam
1005 404 1119 445 enim
1151 405 1261 448 illud
1293 409 1463 461 septem
1488 408 1757 451 excellentes

294 464 407 505 viritl
448 467 803 524 occupaverant)
838 470 920 512 sed
961 470 1164 527 φιλόσοφον
1203 474 1328 517 esse’
1358 476 1640 530 respondit.²³
1701 476 1756 519 In

897 590 1142 614 '‘CUM‘'

293 656 658 691 Lacedoemoniam.—22
681 660 739 692 Ita
754 660 897 702 Pighius
923 671 966 694 ex
994 663 1096 696 codd.
1123 669 1158 696 et
1179 664 1285 697 habet
1300 675 1434 708 qnoque
1449 663 1497 700 ita
1524 675 1610 698 unus
1625 666 1756 700 Brund.

293 700 357 732 nisi
375 701 465 742 quod
483 706 560 742 post
574 702 713 734 maxima
729 703 899 745 adjectum
916 710 970 738 est
989 706 1075 739 inter
1094 718 1207 741 omnes.
1253 708 1352 740 Alter
1367 708 1486 750 habet,
1503 713 1541 741 ut
1557 709 1666 741 Aldus
1682 709 1757 742 edi-

290 743 355 782 dit,
376 744 546 777 maximam
563 745 660 777 totius
677 746 721 778 G.
736 748 976 781 admirationem
1001 753 1032 782 et
1054 751 1220 791 specimen.
1265 752 1337 784 Bit.
1363 751 1461 793 prim.
1487 751 1586 784 Leid.
1604 753 1703 794 prim.
1719 758 1756 786 et

293 786 403 828 quint.
426 788 596 819 maximam
610 788 695 821 inter
709 800 812 822 omnes
826 791 924 824 totius
941 792 985 824 G.
1000 794 1240 826 admirationem
1260 805 1298 827 ac
1317 796 1470 836 specimen
1482 805 1495 833 ;
1507 794 1598 827 Par.
1614 798 1646 828 3.
1666 798 1699 829 4.
1719 800 1757 830 et

292 829 396 861 Barb.
414 833 445 861 1.
468 831 638 863 maximam
654 833 699 865 G.
712 834 951 867 admirationem
965 846 1002 869 ac
1021 838 1175 878 specimen
1186 848 1199 875 ‚·
1220 837 1346 879 Ultraj.
1363 841 1393 870 1.
1415 848 1486 870 cum
1508 838 1649 871 maxima
1671 839 1756 872 inter

290 882 396 904 omnes
411 873 455 905 G.
471 883 503 906 a.
517 874 682 916 specimen,
708 877 761 916 ξε.
807 877 933 920 Ultraj.
959 882 991 911 2.
1014 890 1085 912 cum
1107 891 1148 914 m.
1175 884 1199 913 t.
1228 882 1272 914 G.
1288 892 1318 914 a.
1333 891 1367 915 se
1379 881 1546 923 specimen,
1559 883 1611 922 ⁸5⁶·
1658 882 1756 924 Mog.

286 926 411 956 crureque
425 917 607 958 multiplicis
629 919 772 952 scientioe
795 930 865 952 cum
886 931 927 953 m.
952 923 1089 955 Graeciae
1111 924 1318 957 admiratione
1342 935 1376 957 se
1400 924 1565 966 specimen,
1584 926 1636 966 ⁸5⁶-
1658 926 1757 968 qnod

290 959 390 990 valde
405 959 518 999 placet
534 960 798 995 'Ferreum—23
822 964 879 996 Ita
895 964 1038 1006 Pighius
1063 977 1082 997 e
1111 967 1242 999 duobus
1269 967 1370 1000 codd.
1415 966 1525 1000 Aldus
1541 977 1622 1000 vero
1637 969 1753 1001 edide-

290 1006 345 1052 rat
355 1013 374 1052 :—
388 1012 450 1035 non
464 1012 497 1035 se
510 1004 691 1045 sapientem,
712 1006 799 1047 (jam
816 1007 878 1048 ...)
896 1010 951 1040 sed
965 1012 1134 1042 amatorem
1149 1011 1325 1053 sapientie,
1341 1011 1376 1043 id
1389 1015 1437 1044 est
1453 1010 1567 1043 Groece
1580 1010 1755 1053 φιλόσοφον

289 1046 412 1094 ed2d2t;
445 1045 589 1079 Colerus
613 1049 710 1081 malit
735 1056 772 1080 ut
799 1049 833 1082 in
860 1051 948 1082 Dan.
969 1062 1031 1084 non
1055 1063 1088 1084 se
1110 1054 1292 1095 sapientem,
1314 1055 1369 1086 sed
1392 1057 1562 1086 amatorem
1588 1055 1753 1096 sapientie

289 1088 397 1126 anxit,-
419 1088 545 1131 Copes.
567 1100 627 1122 non
649 1101 682 1124 se
706 1092 815 1135 σοφὸν,
834 1095 890 1125 sed
914 1093 1090 1136 φιλόσοφον
1114 1106 1180 1129 esse
1204 1098 1375 1138 respondit,
1398 1097 1567 1139 probante
1592 1098 1752 1133 Perizon.

290 1131 464 1181 UtAldus
479 1132 649 1174 ediderat,
664 1136 893 1169 exhibuerunt
906 1138 1013 1170 etiam
1031 1140 1125 1182 Mog.
1145 1146 1181 1172 et
1196 1140 1341 1174 Mediol.
1367 1141 1430 1172 nisi
1455 1140 1546 1183 quod
1571 1141 1754 1175 excellentes

287 1184 351 1206 vm
367 1174 572 1217 praeferunt,
594 1186 661 1209 non
685 1179 864 1220 sapientem
887 1181 978 1223 quod
1004 1186 1059 1214 est
1084 1192 1127 1215 ex
1147 1184 1290 1216 Venetis
1317 1189 1353 1217 et
1375 1183 1510 1216 duobus
1532 1184 1617 1218 Mss.
1640 1185 1754 1218 Paris.

288 1227 366 1267 enm
382 1219 503 1260 reliqui
529 1219 603 1269 fere
624 1223 808 1255 excellentes
822 1224 1010 1265 retineant,
1031 1227 1317 1268 quemadmodum
1332 1228 1438 1260 etiam
1452 1227 1753 1261 annotatiunculas

287 1260 374 1311 illas,
398 1262 640 1313 quas-Pighius
666 1266 802 1299 vocavit
818 1271 855 1299 et
870 1269 1052 1310 expunxit,
1074 1274 1208 1311 septem
1233 1280 1276 1302 ex
1297 1271 1337 1303 iis
1359 1276 1577 1303 conservant.
1622 1271 1751 1314 Ultnj.

287 1313 388 1345 prim.
419 1305 517 1338 addit
547 1310 651 1339 etiam
681 1318 803 1351 nomen,
823 1311 887 1343 hoc
917 1312 1030 1344 modo.
1081 1313 1154 1345 Non
1182 1323 1215 1346 se
1242 1315 1426 1355 sapientem,
1452 1314 1524 1354 J'am
1556 1314 1638 1346 enim
1670 1314 1752 1347 illua

284 1351 403 1388 septem
432 1349 615 1381 excellentes
643 1351 706 1382 viri
734 1361 845 1386 nomen
877 1359 1113 1397 occupaverant,
1143 1358 1200 1389 sed
1230 1361 1401 1389 amatorem
1427 1357 1603 1399 sapientiae,
1629 1357 1664 1396 ia
1691 1362 1753 1399 est,

288 1390 400 1440 Grcpce
436 1392 647 1434 Philosophon
682 1394 781 1428 dixit.
821 1397 933 1438 edidit,
977 1398 1066 1439 qnod
1108 1399 1290 1433 Perizonio
1327 1400 1503 1443 placebat,
1540 1404 1595 1432 est
1623 1401 1657 1433 in
1689 1401 1750 1434 Ul-

285 1437 366 1475 traJ.
396 1444 466 1467 sec.
497 1435 603 1470 Barb.
634 1437 755 1479 primo.
800 1439 911 1473 Ledd.
937 1449 1006 1475 sec.
1029 1446 1116 1475 sext.
1154 1448 1192 1476 et
1221 1443 1310 1477 Edd.
1338 1449 1419 1476 ante
1446 1443 1617 1485 Pighium.
1650 1443 1748 1476 Leid.

944 1545 1091 1578 NOTAE

283 1619 373 1648 sunt.
399 1619 432 1649 2.
469 1616 604 1659 Iphitus
627 1628 686 1651 eos
712 1619 811 1653 ludos
838 1620 992 1654 restituit

283 1672 363 1711 post
379 1678 485 1701 annos
501 1678 521 1701 a
536 1670 646 1711 prima
668 1672 888 1706 institutione
910 1676 988 1707 424.

282 1725 321 1752 ut
350 1720 400 1753 ait
424 1721 583 1754 Clemens
607 1723 707 1756 Alex.
731 1725 800 1766 vel,
815 1730 856 1759 ut
876 1727 988 1768 Beda,

280 1773 357 1803 430.
369 1772 439 1812 vel,
455 1778 494 1804 ut
509 1773 690 1813 Eusebius,
702 1778 776 1808 340.
789 1785 878 1809 anno
894 1787 988 1809 mun·

281 1822 317 1853 di
347 1825 446 1855 3170.
474 1826 506 1856 3.
553 1824 634 1857 Non
659 1831 774 1858 tamen
801 1827 844 1859 ab
870 1827 989 1870 Iphito

281 1874 374 1916 apnd
405 1874 549 1908 Graecos
576 1886 639 1917 per
664 1876 890 1921 Olympiadas
907 1879 987 1911 anni

280 1925 453 1958 numerari
489 1932 682 1969 coeperunt,
709 1928 771 1960 sed
803 1938 824 1960 a
853 1929 988 1962 decima

279 1976 384 2008 tertia
394 1976 615 2019 Olympiade,
626 1982 664 2011 ut
676 1979 749 2011 vult
761 1979 987 2014 Callimachus

278 2027 370 2068 apud
386 2027 572 2061 Eusebium
586 2040 596 2069 ς
619 2030 674 2062 vel
690 2040 709 2062 a
725 2030 886 2072 vigesima
909 2041 986 2073 sep-

278 2079 375 2120 tima,
408 2085 448 2111 ut
475 2084 648 2112 testantur
675 2080 919 2114 Aristodemus
950 2087 987 2115 et

278 2129 459 2172 Polybius,
488 2131 579 2173 quod
602 2131 717 2164 verius
747 2136 886 2174 putem:
919 2143 987 2176 qua

278 2180 487 2222 Olympiade
512 2181 597 2214 vicit
621 2182 656 2214 in
685 2192 795 2224 agone
825 2183 986 2226 gymnico

277 2231 467 2264 Choraebus
479 2231 637 2269 Elieusis,
653 2243 740 2265 anno
756 2234 873 2266 mundi
885 2236 982 2267 32⁷8.

278 2293 299 2315 a
327 2283 428 2316 Mose
453 2286 530 2316 815.
558 2293 601 2315 ex
623 2285 657 2318 S.
683 2284 835 2326 Cyrillo;
857 2286 983 2318 excisae

274 2334 387 2376 Trojae
402 2337 479 2367 408.
501 2344 544 2366 ex
558 2335 749 2377 Dionysio;
772 2340 853 2367 ante
869 2336 981 2368 Chris·

278 2390 349 2417 tum
372 2388 448 2418 774.
472 2389 554 2418 ante
580 2386 722 2418 Romam
737 2386 912 2418 conditam
927 2389 982 2420 27.

276 2445 343 2479 quo
358 2445 448 2468 anno
463 2441 643 2478 coeperunt
655 2440 692 2468 et
706 2436 845 2478 praemia
859 2447 984 2479 propo-

276 2486 323 2523 ni,
352 2491 390 2519 et
417 2487 557 2519 nomina
581 2487 750 2520 victorum
779 2487 921 2520 inscribi
947 2487 983 2520 in

275 2537 404 2570 tabulis
419 2542 457 2570 et
471 2537 648 2575 columnis,
664 2537 782 2580 quales
802 2543 902 2570 erant
917 2547 982 2580 eae,

275 2587 400 2629 quibus
420 2587 568 2621 Athenis
590 2596 627 2621 et
649 2589 758 2631 leges,
771 2592 808 2621 et
830 2588 984 2621 Deorum

275 2637 366 2671 festa
377 2639 670 2681 proponebantur.
681 2642 714 2672 4.
739 2638 770 2671 Α
786 2640 893 2679 Luna,
906 2649 981 2682 quae

277 2687 458 2730 Olympias
474 2699 493 2721 a
505 2689 640 2723 Graecis
655 2689 848 2730 dicebatur,
863 2690 982 2733 Olym-

278 2737 388 2779 piadis
398 2748 521 2772 nomen
532 2739 674 2773 ductum
684 2750 759 2773 esse
772 2740 880 2773 tradit
890 2739 982 2773 Afri-

1042 1631 1148 1655 canus
1157 1622 1249 1665 apud
1257 1622 1446 1665 Georgium
1454 1622 1661 1655 Monachum
1672 1619 1752 1661 ;sed

1043 1683 1063 1705 a
1078 1674 1155 1706 loco
1179 1674 1255 1716 ipso
1281 1684 1404 1707 nomen
1427 1674 1569 1707 ludicris
1584 1673 1650 1707 illis
1665 1673 1750 1705 indi-

1043 1728 1115 1757 tum
1126 1724 1340 1766 probabilius
1350 1725 1514 1758 dixerim:
1528 1724 1692 1757 videlieet
1703 1723 1750 1755 ab

1044 1775 1205 1817 Olympia
1220 1775 1318 1818 urbe,
1339 1780 1483 1818 propter
1498 1785 1598 1818 quam
1615 1775 1649 1807 in
1665 1784 1749 1817 agro

1043 1825 1183 1866 Pisano,
1223 1835 1290 1857 non
1329 1826 1449 1868 procul
1485 1825 1530 1857 ab
1559 1824 1674 1865 Elide,
1704 1824 1748 1857 ad

1042 1875 1213 1919 Alpheum
1257 1877 1412 1920 fluvium,
1452 1881 1598 1921 propter
1631 1877 1746 1909 lucum

1042 1929 1192 1961 oleastro
1201 1929 1374 1971 vestitum,
1382 1929 1501 1972 quinto
1512 1936 1649 1971 quoqne
1658 1936 1747 1960 anuo

1041 1980 1182 2012 ineunte
1207 1979 1271 2013 sub
1300 1980 1458 2012 aestivum
1491 1978 1675 2012 solstitium
1697 1978 1748 2011 illi

1041 2030 1113 2062 ludi
1137 2031 1306 2063 celebrari
1326 2030 1500 2070 solebant,
1529 2029 1564 2061 in
1579 2029 1744 2062 honorem

1039 2082 1137 2116 Jovis
1163 2082 1351 2124 Olympici.
1381 2086 1412 2115 5.
1454 2080 1677 2122 Praecipuum
1707 2085 1745 2112 et

1040 2133 1313 2175 antiquissimum
1331 2137 1508 2165 certamen
1524 2141 1644 2164 cursus
1655 2130 1744 2164 fuit:

1040 2189 1121 2226 post
1132 2189 1257 2222 cestus,
1271 2185 1389 2226 saltus,
1400 2183 1526 2221 discus,
1537 2187 1572 2215 et
1583 2183 1747 2224 palaestra

1039 2235 1158 2267 addita
1182 2240 1282 2275 sunt;
1311 2235 1361 2267 ita
1375 2237 1414 2266 ut
1427 2234 1463 2265 hi
1478 2232 1550 2266 ludi
1565 2231 1744 2276 pentathlo

1038 2291 1248 2319 constarent.
1276 2289 1310 2318 6.
1344 2285 1455 2317 Moris
1481 2287 1558 2316 erat
1594 2283 1745 2316 victores

1037 2338 1195 2379 oleagina
1219 2346 1347 2370 corona
1370 2336 1505 2377 donari,
1519 2339 1556 2368 et
1571 2334 1668 2377 quasi
1684 2333 1742 2365 tri-

1037 2391 1240 2431 umphantes
1249 2388 1336 2431 quad
1342 2388 1424 2430 rigis
1435 2397 1497 2429 per
1505 2385 1607 2418 urbes
1616 2384 1744 2425 invehi,

1036 2440 1302 2482 constitutisque
1318 2440 1352 2472 in
1367 2442 1570 2481 perpetuum
1581 2435 1650 2468 frui
1662 2443 1741 2467 vec-

1038 2492 1213 2532 tigalibus.
1254 2490 1324 2523 Sed
1340 2491 1412 2523 haec
1427 2491 1604 2521 hactenus.

1080 2549 1095 2570 ‘¹
1129 2542 1256 2585 Septem
1280 2542 1462 2574 excellentes
1493 2538 1572 2580 oiri]
1603 2537 1740 2578 Thales,

1037 2594 1154 2635 Solon,
1179 2593 1314 2634 Chilon,
1338 2592 1512 2631 Pittacus,
1525 2589 1622 2628 Bias,
1640 2588 1739 2621 Cleo-

1035 2646 1147 2687 bulus,
1163 2650 1197 2678 et
1220 2642 1424 2677 Periander.
1469 2642 1526 2674 De
1546 2640 1668 2683 quibus
1683 2649 1737 2672 su-

1035 2706 1110 2739 pra.
