1878 3132
397 193 506 225 cAr.
529 192 601 225 ix.
634 192 698 224 nn
734 191 1025 224 monnau-rs
1059 192 1322 228 emmaus.
1516 187 1604 232 579

729 390 869 437 cAP.
900 390 995 459 lx.

139 516 259 572 Qm
291 517 635 582 MonERATI
666 517 844 563 ERGA
874 517 1234 563 SUSPEcros
1268 518 1580 563 LIBEROS.¹

146 657 165 687 1
190 654 229 688 t..
246 654 380 688 Gellius
394 655 590 698 Poplicola.
906 658 926 688 3
949 655 1092 688 Fulvius
1108 654 1264 700 quidam.

144 701 166 731 2
188 698 233 734 Q.
247 698 455 733 Hortensius
468 704 599 733 orator.
907 702 928 732 4
952 699 1062 733 Pater
1075 699 1230 744 quidam.

181 818 283 861 Snn
315 821 366 861 ut
385 818 502 862 hanc
522 818 754 862 incitatam
783 822 829 862 et
848 831 1058 874 asperam
1087 818 1373 863 severitatem
1392 818 1595 862 mitiores

121 888 261 931 relatu
277 891 294 911 ²
324 891 502 943 patrum
535 901 684 930 mores
713 888 962 931 clementiae
992 901 1087 931 suae
1119 888 1315 932 mixtura
1341 891 1597 944 temperent,

121 960 300 1000 exactae
319 969 466 1012 poenae
485 968 707 999 concessa
724 956 862 998 venia
875 955 1104 1012 jungatur.

179 1025 224 1068 1.
252 1024 305 1068 L.
327 1024 501 1069 Gellius
515 1030 529 1056 ³
543 1030 560 1048 ⁸
589 1024 798 1067 omnibus
817 1024 1063 1067 honoribus
1080 1025 1138 1067 ad
1159 1037 1392 1068 censuram
1413 1024 1597 1068 defunc-

123 1098 214 1147 tus,
234 1107 340 1138 cum
365 1093 630 1149 gravissima
663 1093 850 1136 crimina
883 1092 939 1135 de
960 1092 1070 1144 filio,
1102 1093 1150 1135 in
1169 1097 1443 1137 novercam4
1473 1106 1598 1136 com-

121 1163 305 1206 missum
337 1166 558 1218 stuprum,
579 1165 624 1204 et
655 1160 941 1217 parricidium
976 1161 1235 1216 cogitatum,
1269 1160 1595 1218 propemodum

121 1231 356 1287 explorata
374 1231 571 1283 haberet,
592 1244 682 1274 non
714 1236 866 1273 tamen
894 1230 952 1273 ad
972 1230 1220 1274 vindictam
1250 1232 1472 1286 procurrit
1491 1244 1598 1274 con-

120 1300 263 1352 tinuo,
283 1300 363 1343 sed
382 1313 512 1356 paene
530 1301 743 1343 universo
765 1303 925 1342 senatu
952 1298 1156 1342 adhibito
1175 1298 1223 1341 in
1243 1299 1496 1352 consilium,
1518 1313 1598 1342 ex-

120 1369 286 1424 positis
299 1369 652 1425 suspicionibus,
673 1368 941 1411 defendendi
963 1381 1014 1411 se
1031 1368 1309 1411 adolescenti
1324 1372 1598 1424 potestatem

120 1436 239 1479 fecit.
298 1436 600 1493 Inspectaque
618 1436 954 1492 diligentissime
977 1450 1136 1488 causa,
1156 1436 1356 1480 absolvit
1379 1449 1483 1479 eum
1502 1441 1597 1480 tum

121 1505 314 1559 consilii,
335 1509 430 1550 tum
455 1507 590 1550 etiam
625 1518 709 1549 sua
729 1506 989 1548 sententia.⁵
1061 1504 1201 1558 Quod
1234 1505 1277 1548 si
1306 1506 1482 1561 impetu
1516 1507 1599 1549 irae-

730 1633 971 1647 eoemeeeeee

165 1714 183 1744 1
208 1710 320 1744 Codd.
346 1712 557 1763 conueniunt
579 1713 654 1747 fere
678 1715 928 1766 antiquiori-bus
940 1714 1020 1748 edd.
1035 1713 1263 1765 exhibentes:
1289 1714 1342 1764 Dp
1354 1716 1522 1756 parentum
1536 1713 1594 1745 ad-

119 1756 895 1836 373:3“6215‘35132232333352'32-3355
909 1757 1595 1844 ‘3:353Psztd⁵s¹32523i12·31.{t332¹3

120 1841 207 1892 Cod-
222 1842 396 1881 Lavernii,
412 1847 451 1875 ut
466 1848 502 1875 et
516 1843 649 1887 aliquot
674 1845 821 1878 Torren.
846 1846 887 1878 1..
911 1846 1079 1886 Agellius;
1110 1845 1169 1877 alii
1193 1844 1397 1887 simpliciter
1420 1843 1568 1884 Agellius
1581 1852 1595 1880 ;

118 1884 217 1918 Lem.
242 1888 274 1918 3.
289 1886 435 1927 Ageuius
458 1886 584 1920 Lucius.
639 1888 725 1920 Mox
758 1888 881 1930 Aldus,
918 1890 960 1921 ad
991 1897 1156 1921 censuram
1180 1898 1278 1930 usque
1305 1887 1473 1927 defunctus
1487 1897 1500 1925 ,·
1531 1886 1595 1919 sed

119 1928 263 1971 Pighius
278 1939 373 1971 usque
388 1930 571 1972 expunxit,
597 1932 690 1973 quod
712 1931 749 1964 in
773 1931 877 1965 codd.
895 1931 930 1964 id
947 1941 1016 1964 nou
1037 1932 1245 1973 reperisset:
1268 1931 1367 1964 abest
1381 1940 1401 1962 a
1415 1929 1548 1963 Brand.
1564 1933 1596 1962 1.

120 1974 155 2004 2.
173 1972 392 2005 Torrenianis
408 1977 445 2005 et
459 1973 623 2014 Mog.—4
649 1975 708 2008 Sic
723 1975 806 2009 Vet.
822 1985 901 2008 cum
918 1975 993 2008 aliis
1010 1975 1112 2008 editt.
1128 1978 1165 2008 et
1189 1980 1339 2017 utroque
1363 1973 1495 2006 Brund.
1522 1983 1595 2006 om-

119 2014 287 2058 nibusque
302 2015 462 2048 'forrenii
479 2017 565 2050 Mss.
608 2018 710 2051 Solus
726 2018 849 2061 Camp.
864 2028 935 2051 cum
948 2028 1093 2059 noverca,
1108 2018 1201 2060 quod
1218 2018 1362 2060 Pighius
1379 2022 1506 2059 praeter
1521 2025 1595 2048 rem

120 2059 286 2099 proetulit.
311 2059 409 2093 Leid.
424 2065 515 2101 sept.
532 2060 652 2103 habet,
674 2071 738 2104 pro
763 2072 795 2096 v.
811 2064 833 2095 Ι.
852 2063 886 2094 in
899 2072 1045 2095 noverca.
1092 2059 1211 2094 Nihilo
1227 2060 1377 2094 fortasse
1405 2061 1515 2103 pejus,
1537 2060 1595 2101 ju·

120 2101 197 2134 dice
210 2102 390 2136 Torrenio.
434 2103 505 2136 Pro
521 2105 685 2146 explorata
701 2106 784 2138 Vet.
800 2106 1059 2146 &cognatm—5
1088 2105 1098 2123 ‘
1115 2105 1217 2147 Pigh.
1234 2104 1367 2137 absolvit
1382 2114 1454 2136 eum
1469 2105 1507 2136 de
1522 2113 1595 2136 con·

118 2144 198 2185 silit,
214 2148 281 2178 tum
301 2146 398 2178 etiam
420 2155 478 2179 sua
506 2148 675 2180 sententio.
721 2148 840 2182 Primo
869 2148 963 2191 prius
986 2152 1067 2190 tum,
1088 2147 1227 2180 videtur
1251 2148 1373 2181 abesse
1394 2157 1462 2181 non
1480 2156 1594 2189 posse.

121 2187 167 2219 Et
181 2194 328 2231 apparet
341 2189 432 2222 idem
449 2190 485 2222 in
501 2195 645 2234 utroque
661 2192 791 2225 Brand.
807 2196 844 2224 et
859 2191 1114 2234 antiquioribus
1129 2192 1223 2234 typis
1239 2192 1424 2234 expressis.
1455 2189 1593 2223 Deinde

119 2231 204 2264 ntis
217 2242 355 2275 quoque
366 2237 461 2266 recte
477 2233 642 2267 scribitur
654 2235 790 2277 consilii,
814 2236 984 2278 quomodo
1010 2234 1122 2268 Aldus
1148 2235 1322 2270 ediderat.
1366 2235 1479 2267 Porro
1495 2243 1598 2267 vocu-

119 2274 187 2307 lam
201 2276 240 2307 de
256 2285 368 2318 neque
384 2281 522 2309 veteres
550 2278 645 2320 typis
671 2279 842 2321 expressi,
867 2288 979 2321 neque
1004 2279 1136 2312 Brund.
1161 2279 1303 2312 habent.
1349 2279 1512 2321 Denique
1537 2287 1596 2309 sua

118 2319 274 2368 uenientia
289 2319 508 2353 scribendum
526 2323 655 2363 potius,
671 2326 710 2354 ut
733 2322 768 2354 in
794 2327 942 2365 utroque
958 2323 1090 2355 Brand.
1116 2327 1183 2364 est,
1211 2332 1312 2365 quam
1341 2322 1499 2354 amentia
1525 2330 1596 2355 sua.

120 2364 202 2392 satus
219 2372 353 2404 quoque
366 2369 523 2405 apparet.
555 2364 611 2396 Ita
623 2365 714 2397 enim
730 2366 885 2398 sententia
900 2366 1021 2398 melius
1037 2366 1081 2398 ad
1097 2370 1282 2409 utrumque
1299 2364 1423 2398 referri
1440 2362 1595 2407 poterit!

126 2403 231 2438 Vorst.
274 2406 365 2439 Haec
380 2407 496 2440 omnia
513 2412 686 2441 testantur
700 2409 803 2443 codd.
820 2410 966 2443 Torren.
998 2409 1173 2442 Klokkius
1187 2409 1351 2452 legebat:
1375 2413 1444 2442 tum
1458 2410 1496 2441 de
1522 2416 1594 2441 ccm-

785 2506 928 2540 NOTAE

163 2581 181 2599 ¹
201 2578 240 2611 L.
256 2578 396 2623 Gellius]
432 2580 627 2624 Publicola,
652 2583 710 2626 qui
737 2582 829 2616 Con-
883 2581 1057 2616 Graeciam
1083 2582 1240 2623 sortitus,
1266 2581 1413 2615 Athenis
1437 2579 1597 2614 Philoso-

122 2629 175 2660 unl
204 2639 292 2663 anno
320 2631 426 2664 Urbis
455 2635 533 2667 682.
591 2633 782 2666 Proconsul
809 2644 833 2666 a·
882 2634 970 2676 phos
989 2644 1107 2666 omnes
1123 2633 1271 2674 vocavit,
1292 2632 1429 2674 illisque
1445 2625 1598 2664 suadere

122 2678 289 2720 Spartaco
305 2682 417 2715 victus
439 2688 508 2726 est,
530 2688 567 2717 et
580 2694 747 2727 oppressa
764 2685 829 2718 Ca·
884 2690 1029 2718 conatus
1044 2690 1112 2724 est,
1134 2689 1171 2717 ut
1187 2682 1371 2725 aliquando
1396 2686 1596 2714 controver-

123 2728 230 2762 tilinae
245 2732 483 2773 conjuratione
498 2735 700 2768 Ciceronem
717 2735 831 2768 civica
884 2736 1010 2768 siarum
1025 2734 1182 2767 facerent
1197 2733 1348 2766 modum.
1373 2733 1503 2765 Censor
1514 2741 1594 2765 cum

122 2789 249 2814 corona
278 2782 474 2818 donandum
504 2786 647 2820 censuit.
690 2787 830 2820 Praetor
883 2787 948 2820 Cn.
966 2786 1112 2819 Lentulo
1137 2785 1368 2818 o4.eSenatu
1383 2783 1504 2817 movit.
