1878 3132
256 127 341 170 570
668 134 877 166 vamum
913 133 1108 165 ΜΑΧιΜι
1145 132 1238 163 mn.
1274 133 1316 161 v.

926 229 1070 264 NOTAE

258 299 301 331 ab
325 275 549 338 Alexandro3
571 299 734 341 legesque
760 303 795 330 et
812 296 965 339 Reipnb-
1021 295 1114 336 dum,
1131 304 1199 326 non
1216 292 1336 335 procul
1349 303 1369 325 a
1383 297 1501 325 monte
1516 289 1622 325 Atho.
1656 292 1731 325 Ho-

256 350 333 382 licae
360 348 503 381 formam
532 350 607 391 ipse
632 348 837 390 descripsit:
874 347 966 379 unde
1021 349 1078 381 die
1093 348 1176 380 Liba
1187 358 1278 380 nova.

259 402 349 435 illins
365 402 400 434 in
413 401 577 434 honorem
595 405 632 434 et
646 401 719 433 ludi
746 405 783 434 et
797 399 878 433 festi
892 399 966 432 dies
1065 406 1080 437 ψ
1104 400 1172 433 An.
1189 400 1240 433 M.
1255 402 1352 432 3⁷19.
1389 399 1448 432 01.
1474 401 1549 432 111.
1574 400 1606 431 2.
1641 397 1730 431 Urb.

259 453 425 487 instituti.
1023 454 1062 486 C.
1077 455 1154 486 418.
1191 452 1273 485 Ant.
1289 452 1352 484 Ch.
1368 453 1444 484 334.

306 510 320 526 ¹¹
347 505 428 538 Urbs
442 504 608 548 [Stagira]
632 504 851 537 Macedoniae
869 503 969 546 oppi-

860 810 1002 854 cAP.
1032 810 1149 854 VII.

366 937 454 980 DE
484 935 758 980 PATRUM
789 935 1023 980 AMORE
1061 934 1142 977 ET
1173 933 1634 979 INDULGENTIA

801 1015 874 1058 IN
904 1014 1198 1058 LIBEROS.

290 1130 305 1159 1
330 1127 372 1160 Q.
388 1127 488 1159 Fabii
505 1128 603 1160 Max.
618 1126 780 1160 Rulliani.
1170 1124 1429 1149 EXTERNORUM
1453 1124 1598 1149 REGUM·

287 1173 308 1202 2
333 1170 474 1202 Caesetii
490 1172 601 1205 Flavi.
1052 1170 1069 1198 1
1093 1165 1231 1198 Seleuci
1245 1166 1367 1208 Syriae.

287 1216 307 1245 3
332 1214 472 1247 Octavii
488 1214 601 1248 Balbi.
1052 1212 1072 1242 2
1094 1209 1339 1242 Ariobarzanis
1354 1209 1597 1252 Cappadociae.

327 1314 437 1357 DET
456 1319 468 1339 ¹
499 1328 617 1357 nunc
638 1314 739 1358 vela
759 1314 824 1369 pii
843 1318 889 1355 et
907 1312 1075 1369 placidi
1096 1311 1285 1354 affectus
1305 1316 1542 1367 parentum
1559 1324 1668 1366 erga
1686 1311 1739 1354 li-

266 1384 396 1426 beros
426 1383 728 1438 indulgentia:
761 1382 1020 1436 salubrique
1051 1394 1160 1424 aura
1188 1384 1417 1436 provecta,
1437 1384 1605 1434 gratam
1635 1393 1740 1424 sua-

267 1452 422 1495 vitatis
445 1465 598 1494 secum
619 1452 770 1494 dotem
793 1450 982 1494 afferat.'¹

325 1521 368 1563 1.
401 1520 572 1563 Fabius
593 1520 832 1563 Rullianus
846 1525 862 1544 ²
886 1520 1082 1575 quinque
1106 1519 1422 1562 consularibus
1442 1530 1618 1560 summa
1637 1530 1742 1561 cum

269 1589 413 1644 gloria
431 1589 643 1644 peractis,
666 1588 964 1643 omnibusque
984 1593 1031 1630 et
1051 1587 1227 1631 virtutis
1249 1591 1296 1630 et
1315 1587 1420 1630 vitae
1442 1585 1639 1629 emeritis
1661 1585 1743 1628 sti-

271 1657 479 1713 pendiis,³
509 1657 682 1712 legatus
701 1657 765 1699 ire
788 1657 933 1699 Fabio
948 1662 966 1680 ⁸
995 1656 1209 1712 Gurgiti*
1235 1655 1328 1713 filio
1359 1655 1417 1698 ad
1444 1654 1608 1697 bellum
1629 1654 1742 1698 diffi-

312 1800 329 1816 ⁰
343 1796 439 1828 Num:
452 1806 525 1830 vero
536 1797 734 1837 indulgentia
748 1801 912 1839 parentum
927 1806 1004 1838 erga
1022 1796 1136 1829 liberos
1149 1797 1292 1829 ostendat
1305 1796 1430 1828 illorum
1441 1795 1529 1838 pium
1543 1805 1692 1842 amorem,
1713 1799 1744 1829 et

271 1841 360 1879 quasi
373 1841 585 1880 aurafavente
591 1844 742 1883 proveeta
752 1840 869 1883 afferat
879 1850 983 1873 secum
991 1843 1121 1880 gratam
1134 1840 1371 1872 delectationem
1381 1839 1570 1881 legentibus.

890 1936 1129 1950 eeeeeeeeeee

319 2003 337 2031 l
363 2000 421 2033 Ita
445 2001 577 2035 Brand.
605 2005 637 2035 1.
662 2006 701 2035 et
730 2002 847 2035 Chalc.
882 2002 944 2034 Sed
972 2012 1055 2035 num:
1069 2003 1138 2034 vela
1153 2002 1252 2035 multi
1266 2002 1369 2035 codd.
1392 2012 1471 2035 cum
1500 2002 1608 2037 Aldd.
1631 2003 1744 2038 Colin.

275 2043 410 2085 Gryph.
424 2044 543 2087 steph.
555 2045 630 2078 aliis
647 2051 727 2079 ante
741 2047 916 2088 Pighium:
939 2045 999 2078 Set
1013 2046 1047 2078 in
1057 2045 1262 2088 quibusdam
1277 2051 1314 2078 et
1328 2046 1475 2079 Veh—2
1490 2046 1601 2079 codd.
1617 2047 1747 2081 habent

277 2087 536 2121 &atilianus—3
569 2090 579 2107 ‘
593 2090 650 2122 Sic
666 2090 796 2131 optime
812 2089 1009 2122 Gronovius
1026 2089 1191 2128 correxit,
1205 2089 1287 2131 (nisi
1309 2088 1399 2131 quod
1412 2090 1567 2123 virtutum
1579 2089 1697 2133 malit)
1710 2096 1749 2124 et

276 2131 438 2163 Vorstius
453 2132 489 2164 in
505 2137 641 2164 textum
658 2133 803 2175 recepit,
820 2143 921 2175 quem
937 2133 1063 2165 merito
1084 2137 1223 2165 secutus
1238 2137 1292 2165 est
1307 2133 1508 2166 Torrenius.
1552 2133 1646 2167 Ante
1660 2135 1746 2177 Pig-

277 2173 370 2206 hium
384 2174 575 2208 edebatur:
598 2176 794 2218 omnibusque
807 2180 838 2208 et
853 2176 1024 2208 virtutibus
1039 2179 1069 2208 et
1079 2177 1157 2208 eitoe
1168 2176 1290 2208 meritis
1299 2176 1482 2218 stipendiis,
1496 2177 1587 2219 qnod
1605 2177 1747 2219 Pighius

278 2226 463 2259 perperam
485 2220 633 2251 mutavit
654 2220 689 2251 in
712 2220 911 2262 omnibusque
928 2223 960 2251 et
973 2219 1146 2252 virtutibus
1155 2223 1187 2252 et
1202 2220 1279 2251 υἱέα
1293 2220 1417 2252 meritis
1429 2221 1610 2262 stupendae.
1655 2221 1747 2253 Nam

276 2260 443 2302 stipendiis
470 2269 663 2304 agnoscunt
694 2273 811 2295 omnes
840 2264 927 2296 Mss.
957 2269 995 2296 et
1024 2264 1126 2296 editt.
1151 2267 1311 2295 vetustae.
1347 2263 1490 2295 emeritis
1515 2264 1623 2297 hahet
1651 2264 1748 2297 Med.

276 2313 347 2337 sec.
377 2305 510 2347 Gryph.
538 2307 660 2348 Steph.
686 2311 789 2348 atque
816 2307 923 2347 Lugd.
957 2310 1051 2338 1558.
1087 2307 1197 2339 ceteri
1225 2306 1369 2339 meritis!
1405 2306 1589 2348 Rapa-4
1613 2308 1750 2340 Novem

280 2347 383 2380 codd.
405 2349 548 2382 Tor-ren.
576 2359 653 2382 cum
676 2351 773 2390 Mog.
801 2350 947 2390 Gurgiti.
988 2350 1058 2382 Sed
1076 2350 1152 2382 vide
1169 2359 1205 2383 v.
1221 2354 1254 2382 5.
1270 2353 1301 2382 1.
1325 2349 1411 2382 Mox
1423 2360 1483 2391 per
1495 2361 1529 2384 se
1541 2351 1649 2392 ejecit
1663 2351 1750 2392 Pig-

278 2390 376 2424 hius:
397 2402 498 2434 perse
510 2399 627 2426 tamen
643 2394 811 2426 exhibent
824 2393 1085 2436 quatuordecim
1110 2393 1212 2426 codd.
1239 2394 1383 2426 Tol-ren.
1406 2403 1485 2435 pene
1503 2394 1635 2436 imperio
1648 2402 1749 2436 perse

942 2480 1088 2513 NOTAE

324 2561 340 2577 ²
362 2556 558 2597 Legatusire
572 2556 687 2598 Fabio]
706 2556 736 2589 A
752 2557 878 2589 Pontio
891 2557 987 2589 Sam·
1044 2556 1225 2589 Rullianus
1240 2556 1327 2588 hanc
1344 2554 1524 2588 infamiam
1539 2555 1610 2587 filio
1625 2555 1750 2597 depre-

284 2606 406 2638 nitinm
423 2607 512 2639 duce
531 2617 608 2640 cum
636 2608 749 2641 victus
775 2607 899 2640 fuisset
924 2609 988 2639 Fa-
1045 2612 1154 2645 catu-⁹,
1177 2607 1244 2649 ipsi
1266 2608 1417 2649 legatum
1441 2606 1568 2638 iturum
1592 2616 1629 2639 se
1654 2607 1750 2649 polli-

282 2655 359 2687 bius
375 2656 523 2699 Gurges,
541 2658 584 2690 de
600 2658 800 2701 abrogando
815 2659 864 2690 illi
881 2658 988 2700 impe·
1046 2659 1135 2692 citus
1151 2664 1214 2692 est.

285 2707 336 2739 rio
369 2705 530 2750 frequens
553 2708 700 2754 Senatus
731 2709 913 2742 convenit:
954 2713 990 2742 at
