1878 3132
560 211 754 243 citavi.
790 211 851 241 na
886 211 1146 243 PRRF'lnlA.
1508 198 1593 241 857

728 401 868 445 CAP.
900 401 986 444 VI.

639 546 727 589 DE
756 545 1089 590 PERFIDIA.

149 675 168 706 l
190 671 231 706 Τ.
246 671 342 705 Tatii
353 669 558 705 Sabinorum
574 671 674 713 regis.
1112 679 1386 705 zannonum.

149 719 170 755 2
191 716 268 750 Ser.
282 715 424 758 Sulpicii
439 714 562 749 Galbae
581 720 683 758 praet.

150 761 170 791 8
195 760 260 792 Cn.
275 759 420 792 Domitii
439 758 660 792 Ahenobarbi
681 768 817 802 procos.

150 805 171 836 4
194 803 240 839 Q.
255 803 392 839 Servilii
408 803 582 846 Caepionis
597 804 676 838 Cos.

916 742 933 772 1
958 737 1304 781 Carthaginiensium.

914 786 936 817 2
959 783 1166 816 Hannibalis
1182 782 1292 816 Poeni.

190 926 478 972 OccuurUM
503 926 599 982 jam
630 931 678 969 et
697 926 961 970 insidiosum
992 926 1178 978 malum,
1200 926 1402 982 perfidia,
1425 925 1612 970 latebris

132 995 230 1041 suis
259 995 533 1041 extrahatur.
592 994 735 1052 Cujus
772 994 1102 1039 efficacissimae
1140 995 1258 1040 vires
1296 999 1400 1038 sunt
1419 995 1611 1046 mentiri,

134 1077 190 1108 ac
208 1063 387 1108 fallere:
417 1063 587 1108 fructus
607 1064 653 1106 in
672 1064 826 1120 aliquo
845 1063 1041 1108 admisso
1064 1064 1232 1107 scelere
1257 1064 1486 1107 consistit:
1518 1067 1615 1109 tum

135 1137 299 1186 certus,
340 1147 440 1177 cum
482 1133 782 1178 credulitatem
804 1138 815 1157 ¹
848 1132 1030 1177 nefariis
1063 1133 1255 1176 vinculis
1291 1132 1617 1175 circumdedit:

139 1206 310 1246 tantum
329 1202 602 1245 incommodi
622 1201 820 1244 humano
852 1202 995 1256 generi
1026 1201 1230 1253 afferens,
1253 1210 1470 1257 quantum
1493 1203 1619 1245 salu-

138 1271 199 1314 tis
218 1272 340 1314 bona
357 1270 471 1314 fides
492 1275 694 1326 praestat.
756 1269 937 1312 Habeat
954 1270 1088 1324 igitur
1105 1284 1193 1313 non
1216 1271 1361 1313 minus
1382 1271 1615 1326 reprehen-

139 1340 292 1391 sionis,
315 1350 450 1395 quam
469 1340 547 1383 illa
564 1339 712 1382 laudis
733 1339 1042 1395 consequitur.

198 1409 240 1451 1.
271 1408 468 1451 Romulo
488 1413 700 1463 regnante
733 1408 814 1464 Sp.
836 1408 1060 1463 Tarpeius
1090 1410 1180 1451 arci
1215 1415 1418 1464 praeerat.
1481 1409 1624 1465 Cujus

139 1477 278 1521 filiam
297 1477 510 1532 virginem
544 1491 707 1533 aquam
739 1478 878 1519 sacris
909 1479 1105 1533 petitum
1137 1482 1268 1521 extra
1293 1480 1458 1523 moenia
1479 1493 1627 1535 egres-

142 1559 256 1598 sam,
275 1545 454 1597 Tatius,
475 1550 525 1589 ut
545 1551 742 1589 armatos
764 1546 958 1589 Sabinos
979 1547 1024 1589 in
1045 1561 1192 1590 arcem
1214 1560 1367 1590 secum
1390 1549 1625 1604 reciperet,

144 1615 357 1673 corrupit,
372 1614 590 1659 mercedis
610 1615 786 1660 nomine
805 1618 1003 1670 pactam,
1021 1630 1123 1672 quae
1145 1616 1189 1658 in
1205 1617 1400 1659 sinistris
1422 1617 1628 1661 manibus

144 1684 369 1738 gerebant.
429 1684 566 1728 Erant
597 1689 751 1728 autem
771 1684 840 1727 his
862 1686 1083 1738 armillae,⁸
1111 1691 1155 1730 et
1190 1686 1343 1728 annuli
1375 1699 1537 1741 magno
1567 1699 1629 1730 ex

144 1752 342 1807 pondere
372 1753 485 1797 auri.
544 1753 669 1798 Loco
707 1754 896 1810 potitum
927 1767 1084 1809 agmen
1115 1754 1383 1799 Sabinorum
1416 1754 1630 1810 puellam,

147 1821 384 1876 praemium
403 1821 697 1877 flagitantem,
719 1821 855 1865 armis
874 1822 1082 1866 obrutam
1103 1823 1306 1876 necavit3
1322 1823 1504 1879 perinde
1520 1837 1635 1879 qua-

151 1889 191 1931 si
220 1891 502 1945 promissum,
536 1891 659 1946 quod
692 1904 747 1934 ea
780 1904 965 1947 quoque
996 1893 1126 1936 laevis
1154 1897 1453 1947 gestaverant,
1486 1893 1635 1936 solve-

151 1959 241 2002 rit.²
254 1955 275 1976 *
332 1957 473 2003 Absit
486 1961 798 2018 reprehensio:
831 1961 939 2018 quia
960 1962 1102 2018 impia
1122 1961 1323 2019 proditio
1341 1961 1474 2004 celeri
1495 1976 1637 2019 poena

154 2028 386 2072 vindicata
405 2034 491 2072 est.

210 2097 252 2140 2.
285 2097 382 2140 Ser.
403 2110 584 2154 quoque
603 2096 752 2140 Galba
772 2110 959 2141 summae
976 2097 1181 2153 perfidiae
1197 2111 1208 2151 ;
1222 2096 1239 2122 ¹²
1260 2098 1393 2141 trium
1414 2099 1531 2141 enim
1545 2099 1636 2143 Lu-

773 2203 894 2217 ‘0000‘
898 2204 954 2217 000
958 2203 1017 2218 000

199 2286 217 2316 1
242 2282 299 2316 Ita
314 2291 358 2317 ex
375 2282 468 2324 conj.
483 2281 649 2315 Perizon.
668 2287 706 2316 et
733 2283 850 2316 Coler.
877 2282 980 2316 codd.
1003 2291 1087 2316 vero
1111 2281 1330 2316 crudelitatem
1353 2280 1561 2318 habent-„2i
1582 2281 1642 2315 Sic

157 2327 250 2370 conj.
263 2326 425 2359 Perizon.
444 2331 482 2358 et
496 2335 538 2358 ex
555 2325 652 2359 Leid.
665 2329 699 2359 6.
721 2326 756 2358 in
786 2332 921 2359 textum
948 2326 1085 2368 recepit
1100 2326 1245 2358 Torren.
1261 2326 1371 2359 ceteri
1389 2325 1490 2358 codd.
1506 2329 1545 2357 et
1561 2325 1643 2358 edd.

159 2376 245 2404 vett.
259 2369 366 2410 solvit,
381 2374 420 2402 et
443 2369 509 2402 hoc
530 2369 614 2402 nibil
628 2369 724 2402 aliud
748 2375 814 2410 est,
829 2380 930 2413 quam
953 2370 1060 2411 solvit,
1085 2370 1159 2402 sive
1182 2370 1325 2403 solverit.
1354 2369 1498 2410 Pighius
1514 2368 1642 2410 aliique

159 2425 237 2448 enm
254 2414 366 2446 secuti
379 2415 509 2446 solvens.
554 2412 643 2446 Edd.
659 2417 744 2449 vett.
760 2415 841 2456 quod
863 2424 902 2446 ea
923 2424 992 2456 quoe
1007 2414 1027 2446 l.
1038 2416 1243 2454 gestaverant
1259 2424 1272 2452 ‚-
1294 2412 1356 2445 sed
1373 2422 1491 2454 quoque
1513 2411 1642 2444 habent

827 2509 970 2544 No'rAE

205 2588 220 2605 ⁸
237 2584 342 2616 Erant
365 2586 471 2616 autem
487 2583 539 2616 his
563 2583 714 2627 armiuae]
747 2584 873 2618 Aul-eis
928 2590 960 2618 5.
983 2584 1066 2617 Ant.
1080 2583 1143 2616 Ch.
1160 2585 1237 2616 747.

163 2634 306 2667 armillis
328 2634 364 2667 id
387 2636 554 2677 temporis
582 2645 660 2669 usos
675 2646 749 2670 esse
775 2636 874 2670 Sabi·
970 2634 986 2657 ¹³
999 2635 1138 2668 Summae
1150 2632 1313 2678 perfidioe]
1348 2633 1442 2675 Lege
1465 2643 1542 2676 quae
1558 2631 1646 2666 dixi-

164 2696 226 2720 nos
241 2690 347 2728 negat
363 2685 503 2726 Livius;
527 2686 622 2729 virgo
642 2687 795 2730 Tarpeia
808 2688 874 2720 hoc
928 2696 1004 2720 mus
1017 2686 1191 2728 superius.
1239 2685 1304 2718 Cn.
1318 2684 1494 2717 Domitius
1506 2683 1572 2717 fuit
1585 2694 1645 2727 pa-

165 2740 199 2771 in
217 2739 291 2769 loco
304 2737 443 2779 sepulta
457 2736 536 2769 huic
552 2738 622 2770 arci
639 2748 764 2771 nomen
777 2738 874 2772 fecit.
930 2743 985 2772 ter
1000 2737 1104 2778 illius,
1121 2736 1180 2780 qui
1204 2737 1257 2770 M.
1274 2735 1417 2769 Antonii
1439 2735 1473 2768 in
1490 2736 1646 2769 Censura

210 2788 229 2807 ¹*
254 2787 321 2822 An.
351 2787 399 2821 M.
416 2790 514 2822 3306.
542 2788 600 2822 01.
623 2791 704 2822 8.1.
733 2790 817 2823 Urb.
834 2790 875 2823 C.
931 2789 1076 2831 Collega
1091 2786 1172 2821 fuit.
