1878 3132
1501 166 1590 212 865

105 276 496 321 consummatione
531 275 648 319 civis
681 272 898 324 eximiuS,
931 277 1116 328 propter
1149 273 1294 319 falsas
1329 278 1372 318 et
1404 275 1589 322 inanes⁸

105 345 412 402 suspiciones,
432 345 480 388 in
502 343 670 388 castris
706 343 765 387 ab
797 341 1002 387 exercitu
1034 342 1266 397 lapidibus
1301 344 1590 390 obrueretur:

103 414 317 471 quodque
337 414 649 459 accessionem
683 412 1009 468 indignationis
1029 426 1117 457 non
1138 413 1314 468 recipit,
1348 415 1493 459 oranti
1523 419 1591 460 at·-

104 497 192 540 que
207 484 464 529 obsecranti
484 484 591 528 duci
612 497 640 528 a
662 483 880 528 militibus
897 495 1050 528 causae
1069 482 1272 527 dicendae
1293 487 1497 540 potestas
1514 499 1590 529 ne-

100 558 214 610 gata
233 557 336 600 esta

490 176 600 209 CAP.
624 174 732 210 vnl.
765 174 830 207 DE.
863 173 1211 209 TEMERITATE.

726 655 984 687 Ex'rERNA.

160 738 205 782 1.
238 738 404 793 Itaque
426 736 574 780 minus
593 737 729 780 miror
748 737 871 794 apud
892 741 1076 789 trucem,
1089 740 1134 780 et
1153 750 1325 781 saevum
1346 736 1585 781 Hanniba-

101 810 159 853 lis
182 808 381 852 animum
403 807 683 851 defensionis
703 808 854 852 locum
869 808 1058 851 innoxio
1074 807 1359 863 gubernatori
1378 820 1466 851 non
1482 813 1501 841 ⁹
1519 807 1590 851 su-

101 877 220 922 isset
250 891 384 934 quem
400 891 430 923 a
450 877 622 921 Petilia
642 877 791 923 classe
809 876 1010 925 Africam
1030 881 1242 933 repetens
1256 881 1272 907 ⁸
1301 876 1415 920 freto
1431 877 1593 934 appul-

102 944 220 1000 3113,ΙΙ
249 946 355 990 dum
374 951 470 990 tam
490 960 632 1003 parvo
653 944 830 1004 spatioi
859 946 1044 990 Italiam
1077 945 1373 1004 Siciliamque
1403 946 1516 990 inter
1537 959 1587 990 se

103 1014 280 1059 divisas
300 1029 391 1059 non
411 1016 570 1070 credit,
590 1015 716 1060 velut
733 1015 1008 1059 insidiosum
1026 1029 1186 1059 cursus
1205 1019 1426 1060 rectorem
1447 1016 1586 1060 inter·

103 1085 240 1128 emit:
272 1090 523 1142 posteaque
544 1085 806 1141 diligentius
837 1086 1045 1142 inspecta
1065 1086 1267 1138 veritate,
1301 1091 1409 1130 tunc
1437 1084 1590 1128 absol-

102 1155 184 1207 vit,
206 1168 309 1200 cum
341 1156 442 1213 ejus
470 1155 750 1201 innocentiae
771 1154 886 1198 nihil
904 1154 1024 1198 ultra
1043 1155 1238 1211 sepulcri
1258 1155 1471 1198 honorem
1492 1154 1590 1199 dari

103 1225 294 1280 potuit*
339 1224 482 1281 Igitur
502 1224 682 1281 angusti
709 1227 846 1280 atque
867 1224 1062 1271 aestuosi
1080 1225 1219 1271 maris
1235 1224 1325 1269 alto
1340 1237 1366 1267 e
1380 1223 1592 1268 tumulo¹0

103 1293 387 1350 speculatrix
407 1297 574 1346 statua,
591 1299 683 1338 tam
703 1294 929 1338 memoriae
951 1292 1137 1347 Pelori,j
1155 1308 1292 1350 quam
1314 1294 1506 1338 Punioae
1527 1296 1592 1337 te-

103 1363 342 1416 meritatis,
362 1363 482 1406 ultra
514 1363 717 1421 citraque
749 1363 1059 1418 navigantium
1094 1363 1240 1407 oculis
1272 1363 1547 1408 collocatum
1559 1367 1590 1388 ¹¹

104 1432 323 1477 indicium
342 1436 424 1476 est.
1029 1435 1032 1438 ’

720 1498 821 1512 Onu
824 1498 968 1512 ”um

101 1567 246 1606 omittit,
261 1568 440 1606 etimne,-
461 1568 585 1611 Copes.
601 1567 712 1609 delet,
735 1567 769 1606 in
792 1568 920 1605 castris.
965 1567 1053 1600 Mox
1079 1577 1143 1609 pro
1169 1566 1284 1609 recipit
1310 1565 1403 1610 quod
1427 1566 1587 1600 restituit·

104 1612 206 1654 Pigh.
223 1616 260 1645 et
274 1616 450 1646 testantur
465 1612 568 1645 codd.
580 1622 658 1645 cum
674 1613 758 1645 Vet.
776 1613 874 1654 Mog.
890 1611 1038 1645 Mediol.
1056 1617 1092 1645 et
1108 1611 1214 1644 Aldd.
1229 1610 1348 1644 multae
1365 1610 1446 1643 edd.
1464 1611 1594 1644 habent

102 1656 301 1698 nupia—9
325 1656 367 1689 In
391 1657 511 1688 multis
535 1655 615 1689 edd.
633 1661 714 1689 ante
731 1656 831 1698 Pigh.
848 1656 971 1689 deerat
986 1666 1047 1688 non
1061 1667 1076 1696 ,-
1099 1654 1244 1687 Ascens.
1262 1654 1374 1695 dedit,
1386 1654 1593 1696 gubernatori

102 1699 241 1739 defuisse
250 1710 264 1739 ;
288 1700 350 1733 sed
365 1710 426 1732 non
433 1699 538 1739 fnisse
553 1701 586 1732 in
604 1700 868 1743 quamplurimis
883 1705 938 1733 est
953 1699 1056 1733 codd.
1093 1699 1204 1732 Paulo
1221 1703 1302 1742 post
1317 1699 1473 1731 nonnulli
1488 1699 1591 1732 codd.

102 1743 249 1775 Torren.
271 1754 334 1776 non
359 1744 596 1777 arcaida—10
618 1745 676 1778 Ita
699 1754 742 1776 ex
759 1744 862 1778 codd.
890 1743 1058 1785 Pighius3
1087 1748 1124 1776 et
1146 1744 1197 1775 ita
1213 1752 1348 1786 quoque
1363 1742 1495 1775 Braud.
1511 1745 1542 1776 1.
1558 1745 1593 1775 2.

102 1785 215 1819 Aldus
228 1786 390 1820 ediderat
404 1798 446 1820 ex
460 1788 524 1820 alto
540 1789 758 1821 tumultu—ll
780 1788 790 1806 ⁴
804 1788 862 1821 Sic
877 1787 998 1821 Vorst.
1011 1792 1048 1820 et
1060 1787 1204 1820 Torren.
1214 1786 1422 1828 jubentibus
1433 1786 1592 1819 omnibus

103 1829 180 1863 fere
197 1830 301 1865 codd.
326 1835 364 1864 et
389 1831 470 1864 edd.
495 1836 584 1865 vett.
610 1833 802 1865 Collocutum
820 1836 1044 1865 construatur
1065 1841 1143 1864 cum
1169 1830 1334 1863 indicium.
1379 1830 1523 1873 Pighius
1547 1840 1594 1862 ex

104 1874 225 1917 Camp.
239 1876 338 1907 oculis
351 1875 551 1918 expositum3
577 1877 723 1909 Colerus
739 1875 908 1909 audacter
924 1885 967 1908 ex
983 1874 1077 1917 conj.
1092 1875 1273 1912 oculatum;
1295 1873 1404 1907 Aldd.
1420 1877 1486 1907 ὅτε.
1499 1874 1593 1906 collo-

102 1922 188 1959 cata,
216 1928 265 1951 sc.
281 1923 409 1952 statua.
453 1919 618 1953 Perizon.
641 1921 650 1938 ‘
664 1920 798 1960 Forte‚’
826 1919 949 1962 inquit,
972 1919 982 1937 ‘
996 1918 1182 1961 legendum
1208 1929 1243 1951 eo
1266 1918 1383 1959 oblata,
1407 1919 1463 1951 vel
1486 1927 1594 1960 expo-

101 1961 256 1995 nendum
273 1964 423 1996 collocato
438 1963 474 1995 in
495 1963 604 2006 oculis,
625 1964 681 1996 vel
702 1965 853 1999 collocata
876 1963 944 1996 illic
958 1962 1111 1996 indicium
1126 1966 1174 1995 est
1196 1962 1317 1996 aculae
1362 1963 1489 1995 Fateor
1510 1963 1595 1995 lect.

103 2006 202 2038 oeulis
226 2007 408 2040 “abactam
431 2006 515 2039 mihi
539 2017 608 2043 non
635 2008 720 2040 satis
745 2008 898 2050 placere,
923 2016 1038 2050 neque
1066 2011 1183 2039 tamen
1208 2007 1354 2039 aliorum
1378 2006 1459 2039 edd.
1486 2005 1593 2039 lectio

103 2050 225 2085 melior
239 2050 323 2089 mihi
338 2051 488 2089 videtur.
533 2052 628 2095 Ergo
643 2051 799 2091 retinui:
821 2052 934 2094 Kapp.
955 2061 1051 2094 quam
1074 2051 1232 2085 memorioe
1248 2050 1380 2085 habent
1403 2051 1531 2094 Copes.
1555 2055 1594 2085 et

773 2151 922 2186 NOTAE

873 2228 957 2262 olim
986 2237 1064 2261 cnm
1094 2227 1202 2261 Italia
1230 2226 1386 2260 Siciliam
1417 2228 1594 2258 testantur

871 2279 1262 2322 Sallustius‚Strabo‚et
1272 2278 1441 2321 Virgilius
1452 2288 1461 2310 z
1479 2277 1489 2295 ‘
1501 2276 1593 2310 Haec

103 2227 275 2261 terfectus
291 2227 422 2263 dicitur
443 2240 465 2263 a
479 2229 578 2263 Livio
593 2230 628 2264 in
642 2230 741 2274 Epit.
754 2229 817 2264 lib.

103 2287 219 2313 mxxv.
245 2280 311 2314 hoc
336 2279 510 2323 flagitium
533 2291 603 2315 non
628 2281 819 2315 vindicavit

103 2331 212 2373 Sylla,
228 2342 306 2364 cum
329 2332 463 2366 diceret
490 2335 698 2376 promtiores
722 2335 818 2373 babi-

104 2387 220 2416 turum
247 2393 283 2417 se
308 2385 447 2428 milites,
466 2386 548 2422 dum
561 2387 674 2421 scelus
691 2387 816 2425 adunis-

107 2444 181 2467 sum
198 2435 371 2469 eluerent.

147 2490 164 2527 t
191 2486 260 2520 An.
278 2488 331 2521 M.
347 2490 447 2522 3965.
464 2487 522 2521 0¹·
540 2492 615 2524 1⁷2·
629 2493 662 2525 4.
675 2490 763 2528 urb·
774 2491 819 2529 -Co

103 2541 181 2572 664.
198 2538 281 2573 Ant.
298 2541 362 2574 Ch.
376 2544 431 2574 88.

148 2594 166 2618 t
189 2590 336 2630 Africam
373 2592 531 2635 repetens]
567 2594 765 2628 Revocetus
799 2605 820 2629 a

107 2641 254 2683 civibus,
267 2647 307 2675 ut
321 2643 478 2685 Scipioni
494 2645 689 2679 resisteret.

147 2691 164 2714 ¹¹
187 2693 286 2725 Freto
315 2694 478 2736 appulsus]
515 2696 645 2738 Siculo,
669 2698 748 2740 quia
771 2698 820 2731 ibi

102 2742 150 2777 ob
162 2746 338 2787 angustias
350 2755 491 2789 semper
499 2746 615 2780 fervet
628 2758 733 2783 mare.

138 2795 147 2819 ⁶
181 2798 263 2830 Tam
301 2809 400 2840 pomo
430 2799 550 2841 operio]
588 2800 822 2844 conjunctam

191 2854 310 2897 Delph.
326 2859 357 2888 et
380 2855 454 2888 Vur.
471 2855 559 2888 Clas.

751 2857 826 2892 Vnt.
843 2859 940 2892 Max.

873 2332 952 2365 loca
967 2331 1002 2364 vi
1027 2331 1202 2374 quondam
1222 2335 1323 2364 vasta
1343 2329 1506 2363 convulsa
1522 2328 1593 2361 rui-

872 2392 919 2415 na
935 2381 1140 2418 Dissiluisse
1163 2380 1307 2414 ferunt:
1332 2389 1410 2412 cum
1436 2378 1593 2421 protinus

873 2438 1023 2477 utraque
1039 2434 1144 2466 tellus
1161 2433 1241 2466 Una
1251 2430 1368 2472 foret:
1383 2433 1449 2463 &c.

919 2486 939 2505 ·
962 2488 1029 2518 An.
1046 2486 1098 2519 M.
1113 2487 1213 2518 3851.
1230 2484 1294 2518 01.
1309 2485 1383 2516 144.
1398 2485 1431 2516 2.
1448 2481 1536 2515 Urb.
1551 2481 1592 2516 C.

876 2541 954 2572 650.
976 2538 1063 2571 Ant.
1085 2538 1149 2571 Ch.
1164 2541 1242 2570 202.

916 2589 928 2618 1
951 2590 1119 2622 Memorioe
1142 2588 1269 2631 Pelori]
1292 2588 1379 2621 Sunt
1399 2586 1458 2631 qui
1473 2585 1592 2619 abillo

875 2649 1107 2692 gubernatore
1123 2648 1359 2691 promontorio
1373 2647 1503 2680 siciliae
1520 2646 1589 2679 Pe-

876 2702 950 2734 loro
972 2710 1096 2733 nomen
1123 2699 1254 2733 facturn
1281 2699 1413 2732 velint:
1438 2698 1500 2730 sed
1516 2698 1591 2730 haec

877 2751 1067 2794 appellatio
1083 2751 1281 2784 Hannibale
1298 2750 1487 2793 antiquior.
1503 2749 1591 2783 con-

877 2808 950 2837 stet
977 2813 1020 2837 ex
1051 2803 1175 2837 Servio
1205 2803 1295 2837 liunc
1325 2802 1591 2845 gubernatorem

1437 2859 1461 2888 3
1483 2855 1502 2888 1
