1878 3132
278 149 364 193 856
679 162 892 197 VALERu
927 163 1118 197 MAxnui
1154 165 1247 197 mn.
1281 163 1353 198 nx.

277 258 523 302 indicturus
554 259 737 313 bellum,
769 262 980 307 adhibitis
1014 262 1139 307 Asiae
1175 265 1465 321 principibus,
1487 268 1500 288 ‘
1518 266 1591 309 Ne
1617 268 1742 312 vide-

280 326 377 376 rer,'
395 328 550 382 inquit,
572 332 584 351 ‘
598 342 701 373 meo
723 331 1030 374 tantummodo
1059 345 1172 374 usus
1202 334 1403 386 consilio,
1424 347 1504 377 vos
1524 337 1744 379 contraxi.

281 395 485 440 Ceterum
516 403 782 444 mementote
817 398 1059 454 parendum
1087 401 1229 455 magis
1255 403 1384 444 vobis
1416 415 1528 455 esse,
1543 408 1579 435 ¹4
1610 416 1745 458 quam

280 464 600 512 suadendum3ss
659 466 927 522 Arroganter
959 468 1096 511 etiam
1131 469 1172 514 si
1201 470 1359 514 victori
1394 475 1587 526 repetere
1615 471 1658 514 ei
1673 484 1745 514 re-

280 534 396 588 giam
417 535 705 590 contigisset:
738 541 830 581 tam
859 536 1107 582 deformiter
1130 538 1265 581 victi⁸
1293 540 1473 583 nescias
1499 544 1649 582 utrum
1676 539 1746 585 in·-

281 603 497 648 solentius
513 604 697 657 dictum,
716 618 773 649 an
793 605 1148 661 impudentius.¹⁵

339 672 383 715 3.
416 672 648 715 Hannibal
682 677 828 716 autem
862 672 1108 717 Cannensis
1142 689 1302 731 pugnae
1341 689 1556 720 successu
1585 677 1750 728 elatus,

284 754 368 784 nec
398 741 581 784 admisit
609 755 865 797 quenquam
893 743 1055 786 civium
1087 758 1270 787 suorum
1300 746 1347 787 in
1381 746 1556 797 castris,
1575 746 1749 788 nec‘re—

284 822 498 864 sponsum
520 809 600 852 ulli
615 809 633 833 ¹¹
663 811 749 853 nisi
778 825 856 867 per
885 812 1169 868 interpretem
1189 813 1327 856 dedit.
1389 813 1704 856 Maharbalem
1716 811 1752 838 ¹⁶

285 878 419 920 etiam
459 880 561 921 ante
593 879 930 923 tabernaculum
969 894 1097 924 suum
1138 881 1260 925 clara
1292 895 1403 925 voce
1444 881 1751 932 affirmantem,

285 950 298 967 ¹
319 947 610 1002 prospexisse
628 961 692 1000 se,
715 962 910 1004 quonam
940 950 1076 993 modo
1105 951 1266 1006 paucis
1287 950 1446 993 diebus
1463 955 1497 983 '⁷
1529 950 1688 994 Romae
1703 949 1755 991 in

287 1013 517 1071 Capitolio
548 1015 799 1069 coenaret,’³
830 1023 1098 1074 aspernatus
1127 1017 1226 1061 est?
1285 1018 1419 1061 Adeo
1449 1018 1680 1063 felicitatis
1711 1023 1755 1061 et

286 1084 605 1127 moderationis
625 1085 856 1130 dividuum
878 1082 1218 1130 contubernium
1239 1092 1340 1131 est.¹⁸

343 1154 386 1195 4.
418 1152 673 1196 Insolentiae
691 1167 798 1197 vero
827 1156 936 1198 inter
963 1155 1377 1210 Carthaginiensem
1403 1159 1448 1198 et
1478 1154 1754 1215 Campanum

290 1227 490 1265 senatum
516 1223 646 1277 quasi
668 1224 902 1267 *aemulatio
920 1224 1020 1267 fuit.
1080 1225 1164 1267 Ille
1200 1226 1317 1267 enim
1348 1229 1560 1281 separato
1579 1237 1606 1266 a
1625 1223 1758 1279 plebe

289 1291 454 1333 balneo
483 1290 745 1335 lavabatur:
774 1293 847 1335 hic
881 1292 1059 1336 diverso
1088 1294 1186 1336 soro
1217 1295 1431 1337 utebatur.
1491 1292 1636 1345 Quem
1665 1304 1757 1334 mo-

291 1362 393 1402 rem‘
407 1357 578 1415 Capuae
609 1360 886 1416 aliquamdiu
907 1366 1138 1415 retentum,
1159 1364 1209 1406 C.
1230 1376 1407 1418 quoque
1436 1361 1631 1404 Gracchi
1659 1373 1759 1403 ora-

292 1429 412 1470 tione
432 1428 479 1469 in
500 1428 726 1471 Plautium
749 1429 921 1485 scripta
941 1435 1082 1486 patet.

336 1560 351 1575 ⁰
377 1555 480 1597 Usque
489 1555 566 1588 adeo
574 1554 716 1602 felicitas
729 1559 761 1589 et
775 1557 947 1591 moderatio
962 1557 1087 1602 difficile
1099 1557 1134 1590 in
1148 1568 1208 1591 uno
1223 1559 1343 1591 homine
1358 1559 1568 1602 reperiuntur.

908 1641 1146 1657 eeeeeeeeeee

294 1700 422 1735 habent
461 1711 572 1745 noque
586 1703 668 1744 quod
692 1701 840 1735 (ἔπειτα.
848 1704 929 1736 -14
950 1701 1008 1735 Sic
1026 1702 1125 1736 codd.
1141 1707 1177 1736 et
1191 1703 1289 1745 Meg.
1305 1702 1461 1736 restituit
1476 1701 1621 1744 Pighius
1636 1699 1766 1742 ram,

297 1745 389 1787 quod
405 1711 509 1787 vuago
524 1745 764 1779 omittebatur.
767 1749 852 1778 —15
876 1745 1035 1779 Perizon.
1052 1751 1088 1779 et
1110 1747 1201 1789 Guy.
1225 1747 1355 1788 malint,
1374 1746 1616 1787 imprudentius,
1638 1745 1766 1787 impro-

297 1788 400 1821 bante
416 1788 496 1830 Καρ
476 1789 568 1831 ppio.
569 1792 656 1822 —16
678 1789 804 1832 Copes.
828 1789 1039 1829 Alter-batem
1064 1789 1164 1823 Harl.
1180 1790 1385 1828 Aderbalem5
1406 1789 1514 1822 Barb.
1542 1789 1644 1830 prim.
1668 1787 1767 1825 Laid.

296 1836 381 1864 tert.
403 1832 622 1866 Adherbalem.
667 1831 835 1866 Nonnulli
851 1832 1078 1867 Maharbalem.
1125 1833 1253 1866 Confer
1280 1834 1391 1867 Notas
1417 1833 1497 1865 VV.
1512 1833 1596 1866 DD.
1613 1831 1658 1864 ad
1673 1832 1766 1864 Flor-

297 1884 340 1907 11.
356 1878 389 1908 6.
406 1878 544 1908 19.-17
568 1876 696 1918 copes.
722 1880 759 1909 et
786 1876 882 1911 Leid.
908 1879 941 1910 6.
971 1876 1166 1919 paucisae'nde
1179 1876 1312 1916 diebus5
1333 1886 1402 1910 non
1418 1874 1767 1940 ntale‚inqnit1'eri-

295 1928 371 1951 zon.
388 1918 454 1952 nisi
467 1918 577 1960 malis,
596 1919 711 1962 paucis
724 1919 759 1954 in
770 1919 888 1954 diebus.

967 1990 1109 2023 NOTAE

284 2093 287 2097 .
343 2063 444 2103 ssAn.
459 2065 512 2099 Μ.
535 2067 633 2099 3669.
656 2065 716 2099 Ol.
730 2069 784 2100 73.
807 2069 840 2099 4.
862 2066 948 2101 Urb.
967 2066 1007 2099 C.

300 2119 376 2149 268.
395 2116 479 2149 Ant.
497 2117 560 2151 Ch.
576 2120 654 2151 484.

342 2173 359 2196 8
374 2168 452 2201 Tam
465 2169 650 2209 deformiter
662 2169 756 2211 victi]
790 2170 868 2202 Nee
886 2160 1009 2207 victor,

1063 2071 1103 2099 ut
1127 2064 1209 2108 quid
1231 2066 1300 2099 hac
1322 2075 1437 2108 pugna
1459 2065 1506 2098 sit
1528 2067 1645 2097 actum
1668 2063 1774 2104 scias,

1065 2118 1120 2150 die
1134 2117 1279 2161 quinto,’
1290 2117 1415 2160 inquit,
1427 2117 1439 2135 ‘
1455 2115 1614 2149 victorin
1630 2115 1773 2157 Capito-

1065 2169 1112 2200 lio
1133 2168 1352 2211 epulaberis:
1377 2177 1523 2211 sequere
1545 2177 1622 2200 cum
1645 2166 1777 2211 equite,

300 2229 364 2253 nec
381 2220 492 2254 victus
503 2223 576 2253 tum
589 2225 666 2253 erat
678 2220 816 2255 Xerxes
829 2231 838 2261 ;
865 2221 1011 2253 necdum

302 2272 395 2305 enim
410 2271 447 2304 in
463 2271 604 2305 Groecos
619 2271 747 2304 bellum
761 2275 929 2313 gesserat.

345 2322 362 2345 ¹¹
377 2324 447 2356 Nec
457 2332 638 2365 responsum
660 2322 734 2365 ulli]
770 2322 869 2355 Illius
883 2322 933 2355 rei
949 2331 1015 2354 nee

254 2405 261 2407 i
305 2373 484 2417 Polybius,
505 2383 571 2407 nec
599 2373 729 2410 Livius,
753 2383 819 2406 nec
836 2374 932 2406 Plut.
946 2383 1015 2406 me-

308 2425 498 2458 minerunt.

349 2475 411 2508 ¹In
428 2475 585 2517 Capitolio
609 2476 760 2518 coenaret]
792 2474 879 2508 Cum
906 2474 1017 2506 ceteri

308 2527 495 2559 suaderent
522 2525 724 2566 Hannibali,
747 2529 785 2557 ut
810 2524 964 2567 quietem
979 2529 1017 2556 et

307 2578 383 2619 ipse
406 2580 571 2617 sumeret,
597 2580 635 2609 et
661 2575 764 2609 fessis
782 2575 1018 2609 daret‘militi-

310 2628 384 2669 bus,
410 2626 590 2659 Maharbal
616 2625 816 2660 Praefectus
852 2627 1016 2669 Equitum

308 2681 446 2716 minime
475 2678 685 2714 cessandum
708 2683 824 2714 ratus:
861 2681 870 2697 ‘
889 2680 1010 2721 Immo,

1067 2224 1106 2253 ut
1120 2221 1214 2262 prius
1240 2224 1275 2252 te
1297 2219 1443 2260 venisse,
1465 2228 1568 2262 quam
1591 2223 1775 2255 venturum

1068 2271 1202 2304 sciant?
1245 2272 1254 2288 ‘
1282 2269 1514 2311 Praecedant:
1541 2268 1656 2312 iuquit
1677 2268 1776 2301 Han-

1068 2322 1174 2363 nibal,
1189 2323 1199 2340 ‘
1216 2322 1351 2355 nuntii:
1376 2322 1458 2354 laeta
1473 2331 1527 2354 res
1543 2327 1595 2353 est
1609 2331 1619 2360 ;
1642 2319 1706 2352 sed
1721 2318 1777 2351 via

1069 2374 1190 2416 major,
1205 2382 1307 2415 quam
1334 2377 1374 2405 ut
1399 2383 1475 2405 eam
1505 2372 1620 2405 statim
1649 2378 1778 2413 capere

1070 2426 1183 2457 animo
1197 2424 1322 2467 possim
1335 2424 1358 2457 :'
1372 2429 1445 2457 tum
1458 2421 1661 2456 Maharbal:
1677 2421 1687 2439 ⁶
1698 2419 1778 2453 Non

1073 2475 1187 2508 omnia
1211 2475 1368 2507 nimirum
1401 2475 1514 2507 eidem
1541 2473 1602 2506 Dii
1628 2471 1776 2504 dedere:

1073 2525 1212 2558 vincere
1239 2525 1305 2558 scis
1330 2525 1517 2565 Hannibal,
1544 2523 1694 2556 victoria
1727 2522 1780 2554 uti

1072 2574 1208 2608 nescis!
1253 2575 1340 2608 Haec
1355 2574 1471 2608 Livius
1486 2573 1547 2607 lib.
1564 2582 1661 2607 xxn.

1115 2625 1134 2645 *
1151 2625 1218 2659 An.
1234 2625 1283 2658 M.
1297 2627 1394 2659 8838.
1411 2624 1470 2659 01.
1487 2627 1562 2659 141.
1579 2628 1612 2657 l.
1636 2624 1725 2658 Urb.
1741 2624 1782 2661 C.

1058 2678 1148 2709 53⁷.
1167 2675 1248 2712 Aut.
1266 2676 1328 2708 Ch.
1344 2679 1421 2711 216.
