1878 3132
301 139 390 184 846
724 154 934 187 vAnnnu
965 155 1162 189 MAxml
1195 157 1295 192 ΜΒ.
1317 157 1390 190 ix.

362 249 408 294 6.
438 247 565 306 Age,
587 265 724 309 quam
757 253 978 299 violenter
1013 268 1065 298 se
1098 255 1145 298 in
1178 259 1368 313 pectore
1394 254 1594 301 universi
1622 258 1785 316 populi

304 318 504 364 Romani
522 322 662 376 gessit
682 322 844 367 eodem
863 327 1079 381 tempore,
1110 338 1203 381 quo
1236 325 1460 382 suffragiis
1481 325 1584 382 ejus
1605 326 1786 373 dedica-

301 389 367 432 tio
389 389 504 433 aedis
525 390 741 435 Mercurii
761 392 830 449 M.
852 393 1075 438 Plaetorio
1089 400 1120 426 ¹³
1161 395 1376 453 primipili
1409 396 1657 441 centurioni
1675 397 1786 444 dato.

302 462 400 514 est3
430 461 672 516 praeteritis
719 461 1014 516 consulibus,¹²
1050 462 1207 520 Appio
1238 465 1361 522 quod
1396 465 1664 520 obstitisset,
1693 479 1784 524 quo

303 529 452 573 minus
471 530 551 574 aeri
586 531 738 575 alieno
759 545 841 575 suo
871 537 1227 578 succurreretur:
1258 534 1510 588 Servilio,¹4
1536 535 1661 592 quod
1681 549 1786 580 sus·

299 603 479 655 ceptam
497 613 682 644 causam
701 615 830 645 suam
849 602 1064 658 languido
1091 603 1341 660 patrocinio
1359 604 1656 660 protexisset!
1689 604 1784 649 Ne-

300 674 427 725 gas¹⁵
459 669 687 714 efficacem
706 672 836 726 iram,
869 673 998 730 cujus
1028 673 1210 718 hortatu
1228 674 1362 717 miles
1395 687 1573 718 summo
1589 674 1783 732 imperio

296 738 514 794 praelatus
534 747 603 783 est
617 741 666 782 Ἠ

354 810 401 852 ’7.
432 807 552 861 Quae
573 810 758 866 quidem
783 824 876 856 non
906 812 1188 869 proculcavit
1200 811 1236 840 ¹⁶
1263 815 1437 857 tantum
1455 813 1671 870 imperia:
1701 813 1783 858 sed

296 877 434 922 etiam
455 880 598 934 gessit
615 880 906 937 impotenter.
952 881 1074 925 Nam
1095 881 1156 935 Q.
1175 880 1409 926 Metellusi
1431 895 1535 925 cum
1544 887 1782 939 utramque

297 947 578 1004 Hispaniam
594 955 628 983 ¹⁷
659 951 818 994 consul
837 951 979 1008 prius,
999 951 1160 995 deinde
1180 952 1464 1008 proconsule,
1485 965 1618 1008 paene
1637 956 1780 997 totam

917 1060 1161 1075 OO‘O‘OO&OOOO

291 1127 420 1167 partem
441 1125 688 1167 dimittendam5
721 1127 823 1161 codd.
854 1128 1032 1172 Pighiani,
1054 1129 1151 1171 fugoe
1177 1127 1522 1172 postponendam—13
1543 1129 1705 1164 Perizon.
1735 1139 1780 1164 ex

296 1169 396 1203 Livio
420 1169 519 1212 legit,
533 1171 584 1204 M.
597 1171 765 1211 Laetorio‚·
787 1172 920 1215 Ultraj.
935 1175 966 1206 1.
979 1176 1012 1206 2.
1029 1175 1080 1207 Μ.
1095 1174 1256 1207 Praetorio
1264 1185 1278 1213 ,-
1299 1174 1407 1207 ceteri
1421 1174 1526 1208 codd.
1542 1174 1596 1207 M.
1610 1174 1781 1208 Plator-io.

294 1216 383 1247 —14
405 1213 416 1232 ⁴
432 1214 561 1257 Copes.
576 1216 753 1257 praeteritis
766 1216 852 1259 Apio
866 1220 898 1249 et
914 1217 1052 1250 Servilio
1067 1228 1146 1251 coss.
1159 1218 1243 1261 Apio
1256 1219 1338 1260 quod
1352 1218 1432 1251 obst.
1445 1229 1477 1261 q.
1497 1219 1576 1252 min.
1592 1219 1638 1252 al.
1655 1229 1698 1254 ω.
1710 1228 1782 1253 m-

293 1260 488 1299 curreretur,
510 1259 660 1293 Servilio.
705 1260 797 1293 Sane
826 1261 978 1294 Claudios
1003 1262 1209 1305 plerumque
1231 1267 1331 1295 vocat
1345 1262 1478 1304 Appios,
1494 1263 1523 1295 si
1538 1261 1641 1296 modo
1656 1272 1699 1295 eo
1721 1271 1781 1296 no·

293 1301 388 1334 mine
404 1303 641 1336 nominentur.
675 1304 761 1336 Tum
777 1305 901 1338 melius
927 1305 1026 1339 abest
1047 1307 1176 1349 copula
1198 1311 1280 1339 ante
1305 1306 1455 1340 Servilio.
1471 1307 1521 1339 sic
1536 1306 1612 1340 Liv.
1625 1315 1732 1346 κων.
1746 1317 1779 1340 ο.

293 1347 350 1378 40.
380 1346 391 1365 ‘
402 1350 463 1379 aut
488 1348 630 1380 consule
661 1353 722 1380 aut
753 1358 859 1390 rege:
884 1359 967 1392 rege
982 1349 1087 1392 quod,
1111 1352 1179 1382 &c.
1205 1351 1347 1383 consule
1364 1349 1506 1393 quod,'’
1529 1352 1596 1383 διο.
1627 1350 1779 1384 Perizon-

294 1390 305 1408 ‘
320 1391 406 1423 Cum
426 1391 553 1433 Copes.
581 1392 757 1425 consentit
780 1393 880 1426 Leid.
905 1398 996 1426 sext.
1021 1393 1143 1435 ceteri,
1157 1398 1198 1427 ut
1213 1400 1288 1427 erat
1303 1399 1386 1427 ante
1406 1393 1583 1436 Pighium‚
1604 1394 1782 1436 proeteritis

292 1433 482 1476 consulibus,
502 1435 620 1478 Appio,
633 1437 714 1478 quod
729 1436 915 1479 obstitisset,
928 1448 988 1479 quo
1004 1438 1108 1470 minus
1120 1439 1180 1470 oeri
1193 1448 1249 1471 suo
1262 1438 1365 1472 alieno
1373 1441 1620 1480 succurreretur,
1632 1437 1781 1480 Seruilio,

292 1481 385 1520 quod,
397 1481 451 1520 ὅγε.
466 1480 593 1512 omissa
608 1481 733 1522 copula
747 1485 829 1513 ante
842 1481 991 1524 Servilio,
1006 1492 1107 1525 quam
1123 1482 1325 1515 retinebant
1341 1486 1457 1515 tamen
1469 1483 1621 1525 vulgate
1635 1481 1728 1516 ΕΜ.
1742 1486 1782 1515 et

293 1533 381 1555 unus
405 1529 511 1566 atque
534 1525 623 1557 alter
643 1525 712 1558 Ms.
737 1525 856 1568 itaque
873 1527 924 1559 sic
938 1526 1202 1560 convenientius
1215 1526 1298 1559 duxi
1316 1525 1535 1560 rescribere-¹
1561 1525 1778 1559 Tarm-15

299 1567 397 1608 Nega
409 1568 501 1610 conj.
516 1568 674 1601 Perizon.
689 1570 843 1612 efficacem
867 1580 931 1603 esse
945 1570 1029 1603 iram
1044 1571 1128 1603 Vet.
1145 1570 1245 1614 Pigh.
1260 1572 1379 1604 Vorst.
1394 1571 1499 1613 Thys.
1516 1574 1552 1603 et
1567 1580 1634 1603 esse
1648 1569 1780 1603 delevit

292 1611 531 1645 Turrem—16
554 1613 611 1645 Ita
629 1613 817 1646 Torrenius
841 1613 951 1647 edidit
964 1614 1169 1656 jubentibus
1185 1620 1223 1648 et
1238 1615 1378 1657 scriptis
1394 1619 1431 1647 et
1445 1614 1526 1647 edd.
1543 1624 1621 1647 cum
1637 1613 1780 1647 Perizo-

292 1655 364 1688 nio.
407 1656 551 1698 Pighius
568 1656 751 1690 ediderat:
776 1658 855 1690 Non
867 1658 994 1700 quidem
1011 1659 1308 1701 proculcavit-17
1331 1660 1341 1677 ‘
1355 1658 1411 1692 Sic
1430 1658 1532 1691 codd.
1546 1662 1585 1691 et
1597 1657 1685 1690 editi
1697 1661 1779 1701 ante

290 1697 471 1741 Pighium.
517 1700 588 1734 Hic
616 1711 695 1734 cum
719 1701 795 1734 aliis
820 1702 932 1735 edidit
954 1703 1151 1744 provinciam
1175 1703 1369 1746 Hispaniam
1391 1712 1435 1735 ex
1460 1702 1588 1735 Cauch.
1605 1705 1643 1734 et
1657 1700 1781 1744 Camp.

292 1745 373 1786 quia
400 1744 566 1777 Metellus
592 1755 662 1778 non
688 1748 853 1787 utramque
871 1746 1091 1789 Hispaniam,
1107 1747 1170 1780 sed
1185 1748 1364 1780 citeriorem
1379 1746 1591 1788 provinciam
1606 1745 1780 1780 duntaxat

288 1787 484 1822 obtinebat.
528 1789 576 1822 At
587 1793 751 1832 utramque
766 1799 837 1822 rem
851 1790 959 1833 magis
972 1797 1090 1834 auget,
1106 1797 1146 1824 ut
1158 1797 1253 1824 recte
1265 1790 1453 1824 Torrenius
1468 1788 1654 1823 observat-⁷
1669 1790 1779 1832 Kapp.

291 1831 377 1864 Mox
395 1833 493 1866 Dan.
514 1834 697 1875 paenejam,
713 1833 802 1866 utin
818 1833 926 1867 Aldd.
943 1835 1056 1868 Colin.
1074 1834 1211 1878 Gryph.
1227 1840 1265 1868 et
1279 1834 1405 1877 Steph.
1428 1837 1465 1867 et
1479 1833 1655 1876 plerisque
1668 1833 1778 1874 codd.

291 1875 439 1910 Torren.
451 1888 544 1920 paene
555 1881 657 1911 totam
672 1877 850 1921 rescripsit
864 1878 968 1922 Pigh.
983 1889 1029 1912 ex
1041 1879 1170 1913 Cauch.
1186 1884 1224 1912 et
1240 1881 1362 1922 camp.
1377 1882 1414 1911 et
1430 1878 1480 1911 sic
1493 1887 1582 1911 unus
1596 1877 1729 1912 Brand.
1742 1881 1779 1910 et

964 1976 1110 2010 NOTAE

289 2060 353 2084 nes
368 2051 580 2095 relinquere,
596 2052 752 2096 abjicere
775 2063 812 2086 se
827 2053 862 2086 in
875 2057 1003 2095 casn-a,

288 2107 327 2136 et
341 2103 481 2136 tandem
496 2114 612 2138 coram
625 2106 726 2138 hoste
738 2106 850 2148 palam
861 2105 1002 2149 fugere:

289 2163 397 2197 quare
422 2155 481 2187 ubi
507 2156 542 2189 in
563 2167 684 2199 agrum
710 2158 900 2191 Romanum
924 2168 1005 2190 ven-

288 2211 363 2239 tum
377 2212 444 2249 est,
469 2208 626 2241 ordinum
647 2209 812 2242 ductores
827 2210 885 2253 qui
906 2209 1004 2252 fuge-

288 2262 380 2301 rant,
403 2259 518 2292 securi
545 2260 720 2302 μετοικεῖς
755 2265 793 2293 et
823 2271 842 2294 e
873 2262 1005 2304 reliqua

286 2310 512 2344 multitudine
525 2311 680 2345 decimus
692 2312 836 2355 quisque
849 2314 929 2347 neci
943 2314 1004 2347 da-

288 2367 345 2395 tus
357 2367 424 2395 est.
470 2363 560 2396 Haec
576 2363 694 2396 Livius
710 2363 774 2396 lib.
789 2373 831 2396 u.

331 2414 352 2434 *
368 2414 435 2448 An.
458 2416 510 2448 M.
521 2418 620 2448 3584.
643 2415 701 2449 01.
715 2418 771 2449 77.
785 2419 818 2449 3.
854 2416 942 2449 Urb.
961 2416 1002 2450 C.

287 2469 366 2500 283.
407 2465 496 2500 Ant.
511 2467 574 2500 ch.
588 2469 667 2501 469.

330 2517 346 2540 ¹¹
360 2519 548 2551 Proeteritis
573 2518 774 2561 Consulibus]
806 2517 876 2561 Ap.
899 2518 1003 2552 Clau·

287 2570 346 2603 dio
366 2570 508 2612 Sabino,
523 2571 580 2614 qui
597 2570 754 2605 Claudia».
774 2571 889 2613 gentis
907 2571 1001 2614 prin-

287 2633 374 2666 ceps
398 2624 533 2665 extitit,
558 2628 595 2657 et
620 2624 664 2658 P.
680 2624 827 2658 Servilio
851 2623 998 2657 Prisco:

288 2680 367 2708 orta
382 2680 527 2719 propter
549 2686 657 2709 nexos
682 2686 752 2709 aere
776 2675 889 2709 alieno
903 2675 1003 2718 gravi

285 2728 468 2770 seditione,
491 2728 629 2772 Appius
651 2728 796 2771 imperio
819 2728 1002 2762 consulari

286 2779 459 2822 agendum
476 2786 572 2814 ratus
586 2791 595 2821 3
623 2781 788 2814 Servilius
804 2791 889 2814 vero
904 2781 1001 2824 polli-

1059 2053 1148 2086 citus
1177 2057 1232 2086 est
1259 2051 1455 2086 habendam
1477 2062 1498 2084 a
1518 2051 1649 2085 Senatu
1665 2059 1775 2083 nexo·

1060 2115 1135 2138 rum
1151 2105 1338 2145 rationem3
1364 2103 1542 2147 promissis
1550 2107 1664 2136 tamen
1680 2106 1775 2136 stare

1060 2155 1234 2198 eum,'nec
1259 2167 1324 2200 per
1338 2157 1518 2198 Senatum,
1540 2165 1607 2188 nec
1622 2164 1686 2197 per
1699 2153 1773 2197 Ap-

1060 2210 1155 2253 pium
1180 2209 1247 2252 ipsi
1263 2209 1403 2250 liceret,
1422 2208 1458 2240 in
1482 2212 1666 2249 utrumque
1682 2205 1775 2238 Con·

1061 2263 1170 2296 sulem
1187 2271 1294 2305 grave
1309 2261 1426 2295 odium
1443 2260 1565 2304 populi
1586 2258 1773 2294 conflatum

1059 2319 1126 2349 est.

1102 2373 1117 2404 †
1133 2366 1200 2401 An.
1222 2367 1275 2400 Μ.
1287 2369 1386 2400 3560.
1414 2366 1473 2400 01.
1487 2367 1544 2398 71.
1560 2367 1594 2398 S.
1617 2362 1708 2399 Urb.
1731 2363 1774 2398 C.

1057 2422 1134 2453 259.
1149 2418 1233 2452 Ant.
1248 2419 1309 2452 Ch.
1323 2421 1402 2453 493.

1100 2470 1110 2492 ¹
1142 2471 1185 2508 Q.
1216 2470 1384 2512 Metellus]
1419 2467 1692 2508 Macedonicum
1727 2466 1772 2500 de

1057 2532 1127 2566 quo
1142 2527 1260 2555 tamen
1275 2522 1413 2554 diversa
1427 2521 1530 2563 plane
1555 2517 1677 2562 prodit
1698 2516 1774 2560 Ap-

1055 2573 1192 2617 pianas,
1208 2584 1286 2606 cum
1309 2573 1395 2606 velit
1416 2570 1610 2605 exercitum
1627 2570 1773 2613 triginta

1055 2625 1201 2658 millium
1228 2624 1385 2668 peditum
1413 2624 1465 2657 rei
1490 2621 1652 2656 militaris
1678 2621 1772 2664 peri-

1055 2677 1224 2710 tissimum
1236 2677 1279 2710 ab
1292 2686 1334 2709 eo
1346 2677 1391 2711 Q.
1400 2675 1572 2718 Pompeio
1584 2673 1748 2707 traditum
1759 2683 1770 2706 ε

1054 2728 1148 2772 quod
1164 2728 1277 2762 refert
1300 2728 1470 2761 Valerius.
1513 2728 1567 2760 Ex
1588 2736 1630 2759 eo
1654 2730 1770 2758 tamen

1054 2780 1244 2815 verisimile
1259 2779 1312 2822 fir,
1327 2779 1419 2824 quod
1445 2779 1593 2813 Metello
1618 2781 1698 2821 post
1713 2781 1768 2810 tot
