1878 3132
1234 67 1255 85 Ο

452 177 561 210 ωε».
584 176 652 208 ιν.
686 176 751 208 nn
784 174 1004 207 meurs
1037 174 1090 207 ru
1126 175 1409 208 mnam-ss.
1586 165 1675 209 551

186 277 296 321 viva
313 289 367 319 ac
387 274 609 332 spirantia
627 286 820 331 corpora
845 273 1003 316 intueri
1023 270 1277 317 credentes..
1332 272 1473 326 Quod
1489 285 1678 316 necesse

192 349 261 389 est
280 344 432 388 animo
461 356 645 400 quoque
667 343 860 393 evenire,
882 342 1113 398 aliquanto
1144 341 1402 386 efficaciore
1428 342 1606 398 pictura
1624 341 1679 385 li-

189 418 404 466 terarum,
426 418 576 457 vetera
595 425 679 469 pro
698 413 951 455 recentibus
971 411 1200 455 admonito
1221 412 1525 455 recordaris*

250 483 293 526 2.
325 483 400 526 Ne
430 487 475 525 te
508 481 705 538 quidem,
739 479 928 535 Cimon‚¹
958 482 1140 524 silentio
1167 481 1415 533 involvam,
1441 480 1520 536 qui
1555 480 1680 536 patri

190 556 270 596 tuo
306 552 580 609 sepulturam
611 551 882 595 voluntariis
918 551 1112 595 vinculis
1147 563 1293 593 emere
1324 563 1416 592 non
1446 548 1679 592 dubitasti.

194 621 319 665 Nam
350 620 438 663 etsi
466 620 666 663 maximo
702 621 788 664 tibi
821 624 983 677 postea
1016 624 1110 663 et‘e5
1141 620 1249 672 civi,
1276 623 1319 662 et
1350 618 1457 662 duci
1491 618 1682 662 evadere

193 689 401 745 contigit,
422 689 530 745 plus
560 694 712 732 tamen
744 689 974 746 aliquanto
994 689 1145 734 laudis
1176 689 1223 731 in
1258 701 1450 740 carcere,
1470 700 1606 743 quam
1635 688 1683 730 in

193 759 333 812 curia,
366 762 601 802 assecutus
642 772 708 802 es.
768 758 942 803 Ceterae
979 759 1097 802 enim
1135 758 1330 801 virtutes
1371 756 1683 800 admirationis

193 828 506 872 tantummodo
536 828 743 880 multum,
763 828 915 883 pietas
935 841 1044 871 vero
1074 828 1213 870 etiam
1245 827 1414 870 amoris
1445 825 1684 883 plurimum

194 895 467 945 meretur.4⁶‡

252 964 298 1008 3.
328 964 430 1008 Vos
447 977 630 1021 quoque
643 964 817 1016 fratreS,
833 966 1052 1008 memoria
1070 965 1361 1021 complectar,
1381 977 1574 1021 quorum
1589 964 1685 1008 ani-

194 1047 296 1077 mus
317 1033 486 1089 origine
504 1033 590 1077 fuit
618 1033 826 1076 nobilior.
887 1034 1119 1090 Siquidem
1151 1034 1396 1077 admodum
1427 1033 1620 1077 humiles
1640 1034 1688 1076 in

198 1102 433 1159 Hispania
452 1103 565 1154 nati,
580 1117 660 1159 pro
676 1108 914 1160 parentum
930 1103 1154 1146 alimentis
1173 1104 1381 1159 spiritum
1401 1102 1687 1159 erogand0‚⁴⁷

198 1172 408 1227 specioso
440 1172 567 1215 exitu
598 1172 707 1216 vitae
739 1172 1052 1215 intumuistis!
1102 1172 1365 1214 Duodecim
1396 1172 1512 1214 enim
1546 1171 1688 1214 millia

197 1252 442 1294 nummum,
461 1255 564 1297 quae
595 1244 702 1297 post
734 1245 924 1285 mortem
955 1246 1153 1285 vestram
1179 1241 1252 1283 his
1284 1241 1509 1292 darentur,
1536 1253 1565 1283 a
1595 1239 1685 1283 Pa·

199 1308 356 1352 ciaecis
367 1305 404 1341 4⁸
435 1310 605 1366 pacti,¹¹²
638 1313 688 1352 ut
718 1323 873 1353 eorum
910 1311 1056 1366 patris
1088 1310 1415 1353 interfectorem
1446 1309 1688 1366 Epastum‚

198 1378 346 1432 gentis
377 1392 475 1422 suae
504 1384 759 1435 tyrannum,
779 1379 1074 1423 occideretis:
1105 1393 1186 1422 nec
1218 1379 1321 1422 ausi
1347 1379 1496 1422 solum
1517 1378 1689 1433 insigne

198 1446 377 1490 facinus
407 1448 532 1500 estis,
553 1448 792 1492 sedetiam
825 1453 1003 1492 strenuo
1035 1462 1090 1492 ac
1121 1447 1229 1491 forti
1253 1448 1384 1491 exitu
1405 1447 1690 1491 clausistis.4⁹

242 1575 257 1592 ‘
280 1572 433 1613 Quodque
446 1582 570 1605 necesse
583 1576 631 1605 ert
645 1583 765 1615 quoque
782 1574 919 1615 evenire,
934 1576 971 1605 ut
985 1573 1110 1605 unimus
1130 1573 1308 1606 admonitus
1320 1573 1450 1615 pictura
1465 1571 1632 1605 literarum
1645 1574 1687 1606 ad

197 1614 287 1647 inum
302 1617 484 1648 movendum
496 1617 733 1658 potentissima,
746 1617 797 1649 itu
811 1618 992 1650 recordetur
1005 1620 1126 1658 vetera,
1141 1619 1232 1659 quasi
1242 1620 1344 1650 essent
1360 1615 1513 1649 recentia.

201 1657 365 1735 agga?
379 1660 472 1693 exitu
483 1660 606 1692 illustri
619 1660 698 1693 clari
705 1660 793 1700 facti
806 1662 897 1702 estis,
910 1662 986 1693 dum
1000 1663 1133 1694 mortem
1141 1661 1205 1704 ipsi
1215 1660 1371 1703 subiistis,
1383 1663 1423 1693 ut
1430 1661 1579 1702 parentes
1592 1661 1693 1693 vestri

821 1757 1069 1770 ΝΙΜΝΟ

199 1826 244 1856 44
268 1822 349 1855 ‘Sic
369 1822 482 1855 edidit
497 1822 673 1866 vorstius,
699 1834 801 1868 quem
833 1829 933 1857 recte
961 1829 1104 1857 secutus
1131 1828 1186 1857 est
1209 1824 1404 1857 Torrenins.
1451 1823 1595 1856 Colerns
1611 1833 1691 1857 cum

200 1867 328 1908 Pighio
341 1865 498 1909 dederat,
507 1868 686 1900 admonitos
694 1879 708 1907 ,·
723 1868 816 1912 quod
828 1868 969 1912 quidem
981 1867 1056 1901 fere
1071 1877 1190 1901 omnes
1204 1868 1290 1902 Mss.
1300 1871 1456 1909 servant,
1468 1867 1531 1900 sed
1543 1867 1690 1901 Ascens.

203 1909 338 1953 Gryph.
353 1910 476 1953 Steph.
492 1916 528 1943 et
541 1911 651 1953 Lngd.
665 1913 838 1945 admonito.
890 1912 1006 1946 Vetera
1027 1911 1236 1954 prodentibus
1257 1910 1435 1945 admonitos
1456 1912 1619 1944 recordari
1634 1912 1692 1944 ed.

202 1953 286 1985 Vet-
298 1953 425 1995 Aldus,
442 1954 555 1987 Colin.
570 1955 664 1998 Lips.
681 1955 773 1988 unde
791 1956 933 1999 Lipsius
946 1955 1134 1998 legendum
1149 1961 1296 1989 censet:
1319 1958 1430 1988 veteru
1452 1965 1473 1988 α
1484 1956 1694 1998 prudentibus

201 1997 363 2030 admonito
373 1998 548 2039 recordari,
563 2009 641 2042 quae
657 1999 863 2042 conjectura
879 2009 900 2031 a
914 1999 1092 2032 Gronovio
1109 1999 1293 2042 probatur,
1306 2004 1440 2042 praeter
1455 1999 1552 2032 rem!
1582 2000 1693 2042 Kupp.

198 2040 403 2083 prodentibus
417 2041 524 2074 Barb.
542 2045 574 2075 1.
590 2046 624 2076 2.
647 2043 778 2086 Ultraj.
792 2046 824 2076 1.
842 2042 972 2076 Medic.
991 2047 1023 2076 1.
1041 2048 1079 2076 et
1104 2043 1204 2076 Leid.
1216 2046 1250 2077 2.
1270 2043 1514 2086 prodeuntibus,
1539 2044 1596 2076 vel
1618 2054 1694 2086 pro-

202 2084 363 2125 amitibus,
385 2085 419 2117 in
442 2085 620 2118 aliis.·-·45
646 2087 815 2120 Nonnulli
832 2086 1098 2120 codd.Torren.
1116 2087 1237 2120 delent
1259 2091 1292 2120 et
1309 2090 1390 2119 ante
1415 2087 1503 2125 civi,·
1526 2092 1564 2120 et
1589 2088 1694 2130 paulo

203 2133 284 2169 post
300 2128 400 2161 Leid.
414 2131 446 2162 4.
461 2128 559 2162 delet
573 2130 834 2172 aliquanta—46
857 2132 955 2164 Unus
972 2135 1077 2174 utque
1093 2131 1177 2163 item
1195 2131 1287 2163 alter
1301 2131 1448 2163 Tol-ren.
1463 2136 1694 2165 mereretur.—

202 2173 245 2203 4⁷
272 2171 330 2203 Ita
346 2181 465 2204 omues
478 2172 582 2205 codd.
599 2178 636 2205 et
658 2174 739 2206 edd.
758 2180 847 2206 'ante
863 2175 1039 2217 Pighium,
1062 2175 1121 2217 qui
1135 2174 1243 2207 tacite
1257 2174 1370 2207 edidit
1385 2178 1578 2216 erogantem
1600 2185 1693 2208 enm-

204 2224 273 2257 que
299 2215 412 2247 secuti
437 2220 517 2248 sunt
544 2216 659 2249 Coler.
678 2218 783 2260 Thys.
809 2223 846 2251 et
871 2218 1090 2260 θύρη-48
1116 2219 1252 2251 Novem
1277 2218 1380 2250 codd.
1395 2219 1542 2251 Torren.
1559 2223 1596 2251 et
1611 2218 1692 2252 edd.

205 2263 288 2290 ante
316 2258 479 2300 Pighium
508 2259 640 2292 habent
655 2271 664 2292 ι
700 2272 720 2293 α
739 2261 825 2304 filiis
857 2262 996 2294 Patietis
1012 2272 1023 2300 ,·
1047 2262 1106 2293 alii
1134 2261 1237 2294 codd.
1265 2262 1415 2304 pucietis,
1450 2262 1506 2294 vel
1527 2263 1695 2303 pociaetis:

204 2300 304 2334 Leid.
316 2305 349 2333 5.
366 2307 403 2334 et
419 2312 507 2334 unus
524 2303 655 2337 Brand.
668 2305 829 2345 pucino-in
855 2305 952 2348 Mog.
964 2305 1076 2348 afiliis
1088 2306 1258 2346 pucinetis.
1295 2305 1488 2338 'Pori-euius
1502 2315 1570 2337 non
1584 2306 1696 2348 videt,

200 2354 267 2376 cur
277 2345 407 2386 expelli
422 2345 582 2378 debuerit
587 2347 686 2389 filiis.
732 2348 869 2380 Deinde
883 2349 1039 2381 nonnulli
1054 2349 1157 2382 codd.
1171 2359 1249 2381 cnm
1260 2348 1342 2382 edd.
1358 2354 1446 2381 vett.
1461 2350 1548 2391 pacti
1558 2350 1694 2382 estis.—

205 2390 249 2420 49
272 2388 330 2421 Ita
343 2389 485 2429 Pighius
496 2399 538 2421 ex
557 2390 680 2423 Atreb.
697 2391 835 2424 Winck.
857 2391 935 2425 Sus.
952 2393 1051 2432 aliis3
1083 2392 1134 2425 ita
1149 2402 1285 2435 qnoque
1302 2402 1388 2425 unus
1405 2392 1538 2425 Brand.
1566 2393 1693 2434 Ultraj.

207 2433 241 2464 1.
263 2436 301 2464 et
320 2432 418 2466 Leid.
433 2436 465 2465 6.
487 2434 648 2466 clar-aistis
665 2435 791 2478 Copes.
807 2445 895 2469 unus
912 2436 1044 2469 Brand.
1069 2436 1194 2479 Ultraj.
1215 2439 1249 2470 2.
1266 2446 1354 2470 unus
1376 2436 1543 2469 Perizon.
1569 2436 1697 2469 Leidd.

882 2523 1024 2556 NOTAE

250 2581 257 2603 ¹
283 2583 411 2627 Cimon]
445 2584 616 2619 Miltiadis
646 2585 751 2628 filius,
781 2586 826 2619 de
853 2598 921 2631 quo
976 2598 1095 2621 corum
1127 2589 1219 2631 apud
1252 2588 1429 2630 Hispanos
1458 2587 1591 2620 familia
1618 2588 1692 2630 jum

207 2634 308 2676 paulo
325 2639 417 2669 ante.
465 2636 632 2670 Diversus
646 2647 667 2670 a
682 2642 780 2680 patre
796 2639 921 2672 Perus.
977 2639 1058 2672 inde
1083 2651 1104 2672 a
1128 2639 1279 2673 Caesaris
1296 2638 1525 2680 temporibus,
1540 2643 1581 2672 ut
1594 2645 1694 2682 patet

251 2689 267 2722 t
290 2685 359 2718 An.
380 2687 431 2719 M.
448 2689 546 2720 3563.
570 2687 629 2722 Ol.
654 2691 710 2723 ⁷2.
725 2692 757 2722 2.
773 2689 861 2723 Urb.
879 2690 919 2723 C.
977 2701 1022 2724 ex
1059 2692 1217 2734 Epistola
1253 2690 1433 2723 Ciceronis
1469 2690 1513 2723 ad
1548 2691 1694 2734 Leptam

208 2736 286 2767 262.
304 2735 388 2769 Ant.
404 2738 466 2770 Ch.
484 2741 559 2772 490.
977 2743 1101 2775 Famil.
1114 2743 1172 2774 lib.
1189 2751 1239 2775 vl.

254 2791 275 2807 ¹²
300 2788 327 2819 A
348 2789 501 2821 Pacioecis
512 2790 615 2833 pacti]
639 2790 776 2824 Nobilis
788 2791 920 2825 Paciae-
