1878 3132
255 173 341 216 708
646 183 859 217 VALERII
894 184 1087 217 MAlel
1122 186 1217 218 ΜΒ.
1250 186 1336 218 vn.

256 279 544 324 deformitas⁶
576 280 642 323 sic
673 293 827 323 omnes
861 280 1059 333 offendit,
1094 284 1142 323 ut
1177 295 1277 324 cum
1297 281 1470 337 alioqui
1500 282 1567 326 vir
1601 296 1724 340 egre-

256 350 357 403 gius
372 349 624 401 haberetur,
640 350 922 405 comitiisque
935 350 1158 405 praetoriis
1171 350 1440 392 candidatus
1456 351 1500 392 in
1514 364 1724 408 campum

256 419 308 461 L.
330 418 481 461 Paulo
502 431 602 469 avo,
623 423 669 460 et
690 419 743 461 P.
763 418 977 462 Africano
1000 420 1224 462 avunculo
1244 419 1379 461 nixus
1401 419 1724 473 descendisset,

255 488 444 543 repulsa
461 488 565 529 inde
594 491 775 530 notatus
793 493 808 512 ⁰
837 489 1014 531 abiret.⁷
1075 488 1197 531 Nam
1228 492 1278 530 ut
1311 488 1524 543 privatim
1553 501 1727 544 semper

257 557 575 600 continentiam
608 557 876 611 probabant,
911 556 975 598 ita
1004 556 1186 612 publice
1217 557 1416 598 maxima
1451 569 1557 599 cura
1576 557 1727 612 splen-

256 625 379 669 doris
397 626 553 667 habita
573 627 656 667 est.
717 623 946 676 Quocirca
966 624 1106 675 urbs‚⁸
1136 637 1227 666 non
1260 623 1391 666 unius
1419 624 1618 668 convivii
1647 638 1728 673 nu-

256 708 441 746 merum,
482 693 563 736 sed
600 698 743 735 totam
779 693 894 735 sein
924 693 1015 735 illis
1042 693 1268 748 pelliculis
1294 692 1498 748 jacuisse
1525 692 1727 747 credens,

255 763 456 806 ruborem
478 761 602 816 epuli
629 760 852 815 suffragiis
873 761 964 803 suis
985 760 1260 803 vindicavit!
1281 767 1301 788 *

313 832 358 874 2.
389 830 442 872 Ρ.
464 834 613 873 autem
634 829 792 885 Scipio
813 829 1003 881 Nasica,
1018 833 1184 883 togatae
1203 829 1413 884 potentiae
1435 829 1728 872 clarissimum

255 902 420 951 lumen,
440 899 481 942 is
501 900 580 954 qui
611 899 797 942 consul⁹
826 897 1089 954 Jugurthaed
1119 898 1290 941 bellum
1317 897 1507 952 indixit3
1538 898 1616 954 qui
1634 910 1728 941 ma—

300 1039 315 1061 b
330 1039 484 1076 Quocirca
499 1041 582 1073 cives
592 1039 743 1073 arbitrati
757 1050 819 1072 non
831 1040 931 1073 solum
950 1050 1066 1082 paucos
1088 1038 1238 1072 invitatos
1262 1041 1304 1072 ad
1328 1040 1385 1072 lwc
1409 1038 1600 1080 convivium,
1618 1040 1674 1072 sed
1696 1048 1731 1071 se

256 1093 361 1116 omnes
382 1084 418 1116 in
437 1085 501 1116 illis
513 1085 646 1126 pellibus
668 1083 804 1116 hoedinis
817 1084 947 1126 sedisse,
965 1083 1087 1116 sordidi
1111 1083 1204 1123 hujus
1215 1084 1300 1126 epuli
1314 1087 1473 1116 auctorem
1485 1083 1654 1127 sufflagiis
1666 1082 1732 1115 suis

255 1127 319 1169 ipsi
334 1129 459 1168 negatis
471 1128 655 1170 punierunt.

876 1179 1113 1193 eeeeeeeeeee

259 1247 548 1289 Theophilus.—6
569 1248 626 1281 Ita
639 1257 756 1280 omnes
772 1248 873 1280 codd.
889 1253 924 1281 et
940 1248 1021 1281 edd.
1036 1252 1125 1281 vett.
1170 1246 1315 1289 Pighius
1326 1256 1410 1279 vero
1425 1244 1571 1279 dederat
1585 1244 1732 1284 deformi-

257 1294 324 1323 tate
337 1302 348 1323 .·
369 1292 474 1334 aliqui
500 1292 704 1324 Torreniani
730 1301 793 1334 pro
820 1302 924 1324 omnes
947 1292 1078 1324 habent
1093 1292 1307 1323 homines—7
1331 1290 1446 1323 Pulm.
1463 1294 1500 1322 et
1516 1290 1590 1322 Sus.
1604 1292 1733 1322 notam

256 1334 394 1372 abierim
423 1334 503 1367 edd.
533 1340 616 1368 ante
643 1335 745 1377 Pigh.
768 1335 871 1368 abiret
886 1339 1034 1374 notatum,-
1057 1340 1128 1368 tres
1145 1334 1247 1367 codd.
1262 1335 1404 1366 Torren.
1418 1333 1543 1372 obiret‚·
1566 1333 1624 1365 alii
1640 1332 1730 1374 ejus·

257 1378 335 1410 dem
349 1378 542 1411 abieris—8
568 1379 623 1410 Ita
639 1389 757 1411 omnes
774 1378 848 1411 fere
861 1380 964 1412 codd.
980 1380 1119 1412 Torren.
1135 1388 1211 1411 cum
1226 1377 1356 1410 Brand.
1373 1380 1404 1410 1.
1427 1380 1459 1410 2.
1474 1381 1512 1409 et
1525 1376 1606 1409 edd.
1622 1375 1732 1418 antiq·

257 1426 294 1453 at
318 1420 427 1454 Aldd.
452 1422 562 1454 Colin.
588 1422 724 1464 Gryph.
750 1427 786 1454 et
802 1423 925 1464 Steph.
941 1422 1016 1455 urbs
1030 1426 1160 1455 nostra.-
1183 1422 1327 1463 Pighius
1351 1420 1425 1453 urbs
1453 1419 1582 1453 omittit
1599 1425 1637 1452 et
1653 1422 1733 1461 post

257 1465 386 1497 credens
408 1465 507 1497 addit
529 1465 644 1498 civitas
671 1470 794 1498 contra
817 1466 919 1498 codd.
936 1470 1046 1498 nostra
1058 1465 1134 1498 urbs
1156 1469 1254 1497 extat
1268 1465 1304 1496 in
1320 1464 1427 1496 Barb.
1452 1467 1484 1497 1.
1500 1463 1630 1496 Medic.
1645 1464 1678 1494 2.
1693 1466 1732 1494 et

258 1508 359 1540 Leid.
375 1511 476 1540 6.—9
499 1510 508 1526 ‘
523 1510 650 1541 Errare
665 1509 719 1540 bic
737 1510 919 1552 insigniter
935 1510 1117 1542 Valerium
1133 1508 1177 1541 ad
1193 1518 1288 1541 oram
1310 1507 1388 1541 cod.
1404 1507 1457 1539 sui
1472 1506 1619 1540 notabat
1632 1506 1731 1539 Peri-

258 1551 388 1584 zonius.
434 1551 566 1584 Omnes
593 1551 669 1584 fere
696 1553 798 1585 codd.
815 1563 892 1585 cum
908 1553 990 1586 Vet.
1013 1552 1167 1585 habent:
1191 1551 1400 1584 clarissimum
1414 1551 1530 1592 lumen,
1547 1550 1602 1592 qui
1616 1549 1734 1589 comi,

258 1604 340 1635 non,
351 1595 379 1626 is
393 1595 447 1636 qui
461 1597 577 1628 consul.
622 1597 706 1628 Mox
723 1596 821 1629 Leid.
837 1599 870 1629 2.
884 1599 1018 1628 matrem
1039 1597 1163 1628 Deam:
1184 1605 1271 1627 unus
1286 1594 1417 1626 Brand.
1435 1603 1512 1626 cnm
1528 1592 1732 1635 quibusdam

259 1638 334 1670 aliis
348 1638 448 1671 codd.
466 1650 482 1672 e
504 1639 701 1682 Phrygicis‚·
729 1639 809 1673 edd.
831 1645 914 1672 ante
929 1641 1070 1672 Torren-
1085 1648 1153 1672 non
1164 1643 1354 1681 agnoscunt
1366 1637 1645 1680 praepositionem
1657 1645 1732 1669 e.--

927 1735 1072 1768 NOTAE

301 1812 316 1829 ⁰
340 1808 480 1850 Repulsa
495 1808 567 1841 inde
582 1810 724 1851 notatus]
738 1810 834 1844 ⁴Hac
853 1813 972 1841 tamen
1024 1807 1137 1840 bellum
1151 1807 1295 1844 indixit3
1317 1806 1440 1848 eiusque
1462 1814 1568 1846 nepos,
1594 1805 1648 1846 qui
1666 1814 1733 1837 ma-

257 1859 395 1900 repulsa
409 1868 478 1890 non
494 1859 680 1892 deterritus
698 1861 890 1892 Praetumm
907 1860 970 1891 ite-

258 1919 332 1941 rum
351 1910 464 1950 petiit,
481 1916 517 1941 et
534 1910 695 1943 obtinuit.

300 1961 319 1980 ³*
338 1960 399 1993 An.
415 1962 467 1993 M.
483 1964 582 1995 3925.
607 1962 666 1995 Ol.
683 1965 757 1994 162.
771 1965 804 1995 4.
827 1960 913 1994 Urb.
928 1961 966 1994 C.

256 2013 335 2044 624.
360 2011 442 2044 Ant.
460 2013 520 2046 Ch.
534 2016 609 2045 128.
812 2008 819 2015 '

301 2062 317 2084 d
340 2063 376 2094 Is
391 2063 445 2105 qui
459 2065 565 2096 consui
589 2065 778 2107 dugurthoe]
814 2065 900 2098 Cum
914 2065 968 2098 his

258 2118 295 2147 et
315 2115 537 2157 sequentibus
552 2117 668 2149 verbis
694 2119 802 2149 multa
829 2117 969 2149 subesse

258 2166 344 2198 vitia
359 2171 491 2198 certum
507 2167 565 2207 sit,
578 2167 809 2209 librariorum,
823 2168 969 2200 Valerii-

258 2225 302 2249 ne
317 2217 425 2258 ipsius
441 2221 502 2249 aut
516 2218 741 2260 negligentia,
756 2225 813 2250 aut
831 2219 970 2252 inscitia

259 2268 469 2310 depravatus
480 2268 525 2301 sit
538 2269 594 2301 hic
612 2270 706 2302 locus
720 2269 889 2302 affirmare
902 2280 971 2302 non

260 2319 389 2352 ausim:
406 2328 558 2352 errorem
575 2324 671 2352 certe
685 2320 815 2362 objecit
830 2321 972 2352 homini-

260 2371 325 2403 bus
340 2371 515 2403 nominum
531 2370 740 2411 similitudo;
764 2381 840 2402 cum
858 2381 934 2413 quae
952 2381 972 2403 a

261 2426 410 2464 quatuor
425 2422 643 2464 Scipionibus
668 2427 768 2464 gesta
794 2427 887 2464 sunt,
912 2422 972 2454 uni

261 2483 377 2506 errore
414 2473 611 2515 turpissimo
648 2473 854 2505 tribuantur.
913 2472 971 2504 Ad

262 2524 504 2566 corrigendum
527 2525 617 2557 hunc
643 2524 756 2557 locum
782 2533 859 2556 cum
885 2522 972 2554 nihil

262 2575 339 2617 opis
354 2574 503 2608 afferant
527 2575 667 2608 codices
682 2574 827 2616 antiqui,
846 2584 889 2606 ex
904 2574 971 2605 his-

263 2627 363 2659 toriae
391 2627 538 2659 veritate
562 2626 706 2669 optime,
733 2629 772 2657 ut
795 2625 896 2665 solet,
921 2625 972 2657 ita

263 2677 459 2711 emendavit
481 2678 643 2720 Pighius:
670 2678 710 2711 P.
736 2680 840 2709 autem
863 2676 971 2718 Scipio

265 2727 395 2767 Nasica,
411 2731 529 2768 togatoe
542 2728 692 2770 potentiae
704 2727 910 2760 clarissimum
925 2728 971 2759 lu-

265 2789 346 2819 men,
364 2783 457 2820 pater
486 2779 552 2819 eJ'us
578 2780 631 2822 qui
660 2781 777 2812 Consul
802 2778 973 2820 Jugurthae

1025 1863 1106 1893 trem
1130 1861 1250 1892 Idoeam
1265 1858 1438 1900 Phrygicis
1461 1856 1639 1889 sedibusad
1661 1866 1732 1888 nou-

1024 1915 1096 1944 tras
1118 1921 1192 1943 aras
1217 1910 1366 1952 focosque
1388 1909 1579 1950 migrantem
1600 1908 1734 1940 sanctis-

1021 1963 1111 1994 simis
1135 1962 1278 1995 monibus
1297 1961 1442 2002 (παρῆ,-
1464 1960 1494 1992 is
1505 1959 1574 2001 ipse
1587 1959 1642 2000 qui
1655 1960 1735 1991 mul-

1023 2017 1074 2046 tas
1098 2017 1129 2046 et
1152 2013 1322 2054 pestiferas
1344 2010 1511 2044 seditiones
1532 2010 1734 2047 auctoritatis

1022 2074 1087 2096 suoe
1102 2064 1210 2095 robore
1230 2062 1404 2104 oppressit;
1425 2060 1512 2101 cuius
1533 2065 1626 2103 patre
1643 2060 1735 2102 γήπ-

1022 2115 1090 2156 cipe
1105 2114 1243 2146 Senatus
1262 2122 1320 2155 per
1332 2113 1451 2154 aliquot
1466 2122 1564 2144 annos
1576 2112 1733 2153 gloriatus

1022 2169 1071 2198 est
1079 2176 1092 2204 ,·
1104 2175 1174 2197 cum
1182 2164 1382 2197 AEdilitatem
1389 2163 1548 2204 Curulem,
1558 2164 1612 2204 &⁶-
1633 2161 1736 2196 Quod

1025 2222 1064 2249 ut
1080 2217 1180 2259 paulo
1196 2216 1332 2258 planius
1347 2214 1423 2256 fiat,
1437 2214 1480 2247 de
1496 2214 1547 2246 his
1563 2212 1735 2256 Scipioni-

1025 2269 1088 2301 bus
1104 2277 1215 2309 pauca
1229 2267 1317 2299 libet
1329 2266 1469 2299 addere.
1513 2266 1571 2298 De
1584 2269 1736 2308 quatuor

1025 2318 1244 2361 Scipionibus
1259 2318 1317 2350 hic
1339 2317 1463 2359 agitur,
1488 2316 1611 2360 quibus
1627 2315 1735 2348 omni-

1026 2371 1089 2403 bus
1103 2370 1193 2401 idem
1209 2369 1347 2402 Nasicae
1359 2377 1550 2410 cognomen
1560 2365 1646 2407 fuit3
1662 2363 1735 2399 tres

1026 2426 1141 2453 tamen
1167 2419 1349 2461 agnomine
1375 2418 1468 2450 inter
1490 2427 1528 2450 se
1553 2417 1734 2458 distincti3

1026 2476 1168 2514 quartus
1196 2481 1264 2503 non
1290 2471 1384 2503 item.
1429 2469 1527 2501 Unus
1555 2468 1646 2500 enim
1670 2468 1735 2500 Vir

1026 2523 1177 2565 optimus
1188 2523 1290 2563 vulgo
1302 2526 1537 2562 nuncupatus;
1554 2520 1642 2552 alter
1652 2519 1735 2552 Cor-

1027 2574 1140 2606 culum
1156 2584 1165 2612 3
1181 2574 1303 2605 tertius
1318 2571 1475 2613 Serapio.
1511 2571 1574 2603 Vir
1586 2570 1735 2612 optimus

1026 2631 1172 2657 matrem
1199 2624 1330 2656 Idaeam
1357 2622 1499 2664 excepit
1513 2633 1523 2662 ;
1550 2622 1735 2655 Corculum

1025 2676 1091 2709 fuit
1109 2676 1270 2718 princeps
1295 2674 1465 2715 Senatus3
1487 2673 1629 2715 Serapio
1644 2672 1737 2705 occi·

1026 2727 1079 2759 dit
1094 2726 1146 2758 Ti.
1163 2725 1379 2764 Gracchum
1397 2728 1538 2766 quartus
1552 2722 1734 2765 Jugurthae

1026 2778 1155 2811 bellum
1178 2776 1316 2810 indixit.
1362 2775 1490 2809 Consul
1506 2775 1568 2808 Vir
1582 2774 1733 2817 optimus
