1878 3132
261 168 350 210 612
663 179 870 218 VALERH
906 181 1101 214 MAxtm
1139 183 1232 214 mu.
1270 183 1336 215 vi.

265 290 400 333 quam
432 277 616 320 Senatui
652 281 696 320 et
729 278 902 334 populo
934 278 1142 321 Romano
1158 283 1195 310 ¹4
1224 279 1429 331 credidit,
1468 280 1548 336 qui
1581 293 1736 324 omnes

266 346 468 400 collegas
488 360 614 397 suos,
635 348 713 402 qui
728 352 759 378 ¹⁵
792 348 907 390 duce
929 348 1008 402 Sp.
1032 347 1195 390 Cassio
1217 349 1263 390 id
1290 352 1483 403 egerant,
1504 354 1555 392 ut
1574 350 1738 404 magis·

264 416 454 459 tratibus
473 429 564 458 non
594 417 859 469 subrogatis,
878 417 1125 459 communis
1158 417 1344 460 libertas
1374 419 1419 460 in
1450 417 1635 460 dubium
1656 431 1735 461 vo-

263 490 452 536 caretur,
475 485 604 527 vivos
626 485 882 528 cremavit.*
942 485 1070 527 Nihil
1090 486 1295 540 profecto
1316 486 1399 529 hac
1429 487 1666 529 severitate
1687 485 1738 528 fi-

263 553 457 597 dentius:
489 567 602 596 unus
632 554 749 595 enim
785 554 987 596 tribunus
1007 566 1109 596 eam
1140 567 1324 610 poenam
1356 568 1514 597 novem
1548 554 1735 609 collegis

259 622 422 666 inferre
453 635 592 664 ausus
614 625 697 673 est,
719 635 857 677 quam
886 635 1049 664 novem
1080 623 1249 666 tribuni
1269 624 1327 665 ab
1347 636 1437 665 uno
1463 623 1638 677 collega
1657 635 1737 665 ex·

262 691 382 745 igere
404 690 813 746 perhorruissent.¹⁶
911 683 913 685 ¹

320 760 362 802 3.
393 760 636 803 Libertatis
654 765 687 792 ¹⁷
718 759 863 802 adhuc
898 765 1055 803 custos
1093 764 1136 803 et
1168 761 1337 804 vindex
1379 762 1622 814 severitas;
1652 761 1735 807 sed

259 842 343 885 pro
361 829 575 883 dignitate
596 830 730 871 etiam
752 841 806 871 ac
833 841 916 884 pro
930 829 963 854 ¹⁸
995 830 1235 885 disciplina
1256 843 1387 886 aeque
1408 830 1610 884 gravis.¹⁹
1651 829 1734 896 ιΜ.

259 897 374 940 enim
397 896 633 940 Claudium
650 903 667 928 ⁸
696 900 880 939 senatus
911 896 1083 948 Corsis,
1103 898 1211 953 quia
1245 903 1422 954 turpem
1442 911 1543 940 cum
1562 898 1633 941 his
1654 911 1732 954 pa-

260 979 357 1008 cem
384 967 561 1017 fecerat,
583 965 777 1008 dedidit:
809 979 941 1021 quem
972 967 1030 1009 ab
1058 967 1264 1009 hostibus
1293 980 1382 1009 non
1412 971 1664 1022 acceptum,
1684 967 1734 1009 in

260 1034 446 1090 publica
465 1034 674 1076 custodia
689 1034 839 1076 necari
855 1033 1028 1089 jussit.†
1087 1035 1234 1078 Semel
1255 1035 1370 1078 laesa
1389 1035 1628 1091 majestate
1647 1036 1732 1079 im-

260 1104 387 1159 perii,
409 1107 519 1158 quot
548 1103 696 1145 modis
730 1103 860 1145 irae²⁰
889 1104 1093 1159 pertinax
1113 1104 1306 1147 vindex!
1336 1104 1508 1146 factum
1527 1103 1636 1160 -ejus
1663 1117 1733 1147 re-

257 1173 407 1223 scidit,
427 1173 674 1214 libertatem
705 1172 889 1224 ademit,
912 1173 1119 1228 spiritum
1149 1173 1357 1224 extinxit,
1379 1186 1543 1228 corpus
1573 1177 1733 1218 contu-

255 1242 392 1284 melia
421 1241 611 1283 carceris
643 1245 686 1283 et
717 1240 974 1284 detestanda
995 1241 1313 1284 Gemoniarum
1336 1238 1590 1283 scalarumh
1621 1244 1732 1284 nota

256 1310 459 1353 foedavit.
520 1308 671 1364 Atque
703 1309 775 1351 hic
789 1314 821 1334 ²¹
865 1310 1048 1365 quidem
1085 1314 1263 1352 senatus
1298 1309 1731 1353 animadversionem

256 1383 482 1421 meruerat.
543 1377 627 1420 Cn.
648 1383 799 1420 autem
832 1377 1065 1422 Cornelius
1087 1378 1298 1434 Scipio,²²
1333 1375 1563 1433 Hispallii
1592 1377 1730 1429 filius,

875 1489 933 1502 ΝΟ

255 1562 395 1596 videtur
407 1561 618 1595 mutandus!
643 1563 840 1604 Kapp.-14
863 1561 931 1594 Sex
947 1562 1033 1594 Mss.
1049 1566 1087 1594 et
1103 1563 1276 1604 pleraeque
1289 1564 1369 1594 ante
1381 1559 1541 1602 Pighium
1558 1558 1730 1593 editiones

255 1607 391 1639 Senatus
405 1610 436 1637 et
450 1608 580 1647 populus
599 1607 771 1638 Romanus.
816 1605 882 1637 Ast
899 1605 980 1638 Vet.
999 1605 1096 1648 Mog.
1113 1611 1148 1637 et
1167 1606 1260 1647 Lips.
1276 1615 1331 1647 ap.
1347 1605 1565 1636 Thanuerum
1581 1613 1659 1636 cnm
1676 1613 1732 1636 re-

258 1650 360 1692 liquis
376 1650 476 1682 codd.
495 1650 579 1681 lect.
595 1659 695 1691 quam
713 1654 814 1681 textu
831 1647 1060 1688 exhibuimus,
1077 1650 1331 1681 retinent.—l5
1350 1646 1460 1680 Codd.
1475 1652 1547 1679 tres
1561 1647 1655 1688 quia,·
1671 1647 1733 1679 Ul-

258 1694 342 1735 traj.
367 1696 398 1726 l.
423 1692 580 1734 quoniam.
615 1693 698 1724 Mox
724 1702 787 1734 pro
802 1692 890 1723 vivos
905 1692 1028 1733 Copes.
1044 1692 1183 1724 exhibet
1198 1701 1306 1724 novem
1320 1692 1425 1729 τήνου
1448 1690 1556 1723 Barb.
1573 1693 1604 1722 1.
1619 1700 1730 1723 novem

255 1737 442 1769 vivom—16
465 1736 523 1768 Ita
549 1735 678 1769 Brand.
695 1738 725 1767 1.
743 1738 776 1768 2.
792 1745 909 1767 omnes
924 1736 1065 1768 Torren.
1089 1740 1126 1768 et
1152 1736 1248 1776 Mog.
1277 1734 1511 1766 exhorruissent
1536 1733 1676 1766 Venett.
1691 1738 1729 1767 et

256 1778 450 1812 Aldd.—-17
481 1779 655 1811 Libertatis
685 1779 794 1819 rigida
824 1778 967 1818 Pighius
996 1788 1016 1810 e
1044 1779 1119 1811 cod.
1144 1778 1271 1810 Cauch.
1294 1778 1338 1809 ab
1367 1777 1445 1809 aliis
1470 1778 1570 1810 abest
1598 1776 1729 1817 rigida,-

256 1823 376 1865 itaque
398 1822 639 1863 expellendum
657 1823 790 1854 censuit
802 1821 1087 1853 Torreni=1s.—18
1111 1821 1167 1853 Sic
1192 1831 1235 1853 ex
1252 1820 1356 1853 codd.
1370 1820 1552 1852 duodecim
1569 1824 1606 1853 et
1621 1821 1730 1852 omni-

223 1864 225 1867 '
258 1865 320 1898 bus
338 1871 418 1899 ante
438 1865 594 1907 Pighimn
612 1864 824 1896 editionibus
850 1864 961 1896 edidit
976 1865 1176 1906 Torrenius,
1195 1874 1252 1905 pro
1270 1869 1383 1895 tamen
1400 1864 1484 1896 Vet.
1501 1873 1580 1896 cum
1595 1863 1729 1905 aliquot

259 1910 345 1949 Mss.
363 1909 503 1941 omittit.
528 1908 672 1950 Pighius
689 1917 834 1949 eumque
851 1908 962 1939 secuti
977 1908 1118 1940 Colerus
1131 1914 1168 1940 et
1183 1908 1343 1940 Vorstius
1356 1906 1525 1939 dederant
1537 1916 1585 1946 ac,
1599 1906 1728 1939 omisso

258 1954 355 1986 eliam
370 1958 405 1984 et
418 1962 486 1994 pro.
508 1951 637 1993 Ultraj.
655 1955 684 1984 1.
698 1961 755 1993 pro
773 1951 931 1991 dignitate
945 1951 1040 1982 etiam
1052 1953 1094 1983 ad
1107 1951 1329 1992 disciplinatm
1352 1950 1504 1982 nonnulli
1519 1961 1528 1983 τ
1551 1951 1606 1982 sea
1617 1959 1675 1991 pro
1687 1950 1729 1981 li-

259 1997 380 2028 bertate
392 1997 487 2027 etiam
498 2005 534 2027 ac
544 2006 601 2037 pro
612 1995 787 2036 disciplina.
810 1993 951 2026 Deinde
964 1994 1108 2035 Pighius
1122 2004 1165 2026 ex
1176 1995 1250 2026 solo
1263 1993 1392 2026 Cauch.
1405 2003 1494 2035 oeque
1501 1995 1613 2034 granis
1622 1992 1730 2026 inven-

259 2044 292 2072 tu
303 2041 450 2071 eim—19
462 2039 515 2070 lta
527 2038 627 2071 codd.
642 2038 821 2070 duodecim
835 2047 913 2069 cum
927 2037 1018 2077 Mog.
1030 2037 1121 2078 quod
1133 2038 1287 2076 reposuit
1295 2038 1436 2069 Torren.
1449 2036 1591 2068 Clodium
1600 2036 1634 2067 in
1645 2035 1726 2068 edd.

260 2087 347 2115 vett.
364 2083 450 2114 Mox
474 2092 535 2123 pro
550 2081 671 2114 dedidit
688 2080 789 2112 codd.
801 2080 1004 2112 'rorte-niani
1021 2080 1208 2112 dodim—20
1233 2081 1288 2113 Ita
1303 2079 1460 2111 Perizon.
1475 2089 1519 2111 ex
1535 2079 1660 2121 Copez.
1675 2078 1728 2110 ira

257 2125 336 2160 edd.
348 2128 521 2158 vem—21
536 2126 626 2166 Eque
634 2125 695 2167 lu’c,
705 2124 726 2156 i.
734 2133 764 2155 e.
779 2124 880 2165 AEque
891 2127 971 2157 octo
982 2123 1321 2156 codd.Torren.—22
1336 2123 1439 2159 Quam
1450 2122 1613 2155 Cornelius
1619 2121 1727 2165 Scipio

919 2211 1067 2245 NOTAE

301 2298 321 2319 ⁴*
345 2298 411 2332 An.
426 2298 478 2330 M.
502 2300 600 2330 3569.
624 2296 682 2330 Ol.
697 2299 751 2329 73.
766 2299 800 2328 4.
825 2295 910 2328 Urb.
926 2295 965 2330 C.
1062 2295 1079 2317 Β
1104 2297 1328 2330 Gemoniarum
1340 2295 1511 2337 scalarum]
1523 2296 1635 2328 Locus
1647 2298 1726 2328 erat

256 2353 334 2382 268.
353 2349 431 2382 Ant.
447 2349 508 2381 Ch.
523 2350 598 2381 484,
1020 2358 1192 2390 praeceps,
1206 2349 1249 2380 ad
1266 2358 1366 2391 quem
1382 2357 1445 2389 per
1460 2347 1568 2379 scalas
1581 2346 1725 2379 descen·

301 2406 318 2429 8
344 2401 392 2433 M.
416 2400 499 2432 enim
517 2397 700 2439 Claudium]
725 2397 890 2438 Gliciam,
906 2397 965 2439 qui
1020 2409 1075 2431 sus
1088 2404 1164 2432 erat
1180 2410 1188 2438 ;
1211 2409 1335 2431 nomen
1351 2399 1395 2431 ab
1409 2403 1550 2430 auctore
1566 2397 1722 2438 accepit:

258 2453 354 2494 prius
384 2451 495 2483 viator
525 2460 565 2485 ac
603 2449 718 2481 scriba
745 2449 796 2480 M.
827 2448 964 2480 Claudii
1019 2459 1096 2482 reos
1109 2451 1304 2492 majestatis
1318 2459 1406 2482 unco
1422 2449 1553 2490 gutturi
1566 2447 1672 2480 infixo
1688 2448 1724 2481 iu

258 2503 429 2541 Consulis,
452 2507 525 2534 tum
552 2503 683 2542 legatus
700 2500 739 2533 C.
756 2499 878 2531 Licinii
894 2499 963 2531 Va·
1017 2501 1078 2532 has
1094 2501 1201 2532 scalas
1219 2501 1354 2532 trahere
1369 2500 1473 2532 moris
1487 2503 1573 2532 erat.

258 2553 287 2584 ri
300 2553 471 2593 Consulis,
485 2558 565 2585 ante
576 2552 668 2584 illius
685 2550 871 2584 adventum
886 2559 963 2582 cnm
1051 2549 1061 2571 ¹
1094 2551 1154 2582 Cn.
1172 2551 1335 2582 Cornelius
1346 2549 1467 2591 Scipio,
1483 2547 1642 2590 Hispani]
1656 2549 1726 2581 Pa-

258 2603 375 2634 Corsis
390 2613 511 2644 pacem
528 2602 673 2645 pepigit.
718 2601 776 2634 Ita
791 2601 961 2633 Ammian.
1018 2605 1071 2633 tre
1088 2601 1252 2642 praetorio
1279 2604 1391 2632 natus.
1434 2601 1532 2633 Unus
1552 2600 1724 2642 Valerius,

258 2653 420 2685 Marcell.
436 2658 474 2685 et
488 2653 653 2686 Zonaras.
1017 2649 1152 2692 opinor,
1177 2650 1267 2682 illius
1292 2650 1458 2681 meminit.
1520 2649 1577 2681 De
1603 2649 1723 2690 Curio,

301 2708 315 2736 †
343 2702 407 2735 An.
422 2704 470 2736 M.
487 2706 585 2735 3818.
609 2704 667 2736 01.
685 2705 759 2736 136.
777 2704 808 2735 1.
822 2701 908 2735 Urb.
920 2701 961 2734 C.
1015 2702 1074 2745 qui
1091 2702 1264 2744 Pyrrhum
1282 2700 1589 2744 expulit,diximus
1600 2700 1659 2734 lib.
1675 2708 1700 2733 ι.

255 2755 330 2785 517.
345 2752 427 2786 Ant.
442 2754 503 2788 Ch.
518 2757 594 2789 235.
