1878 3132
263 173 349 217 610
662 186 872 217 maeuii
906 187 1100 221 MAX1M1
1134 186 1232 219 Lm.
1264 189 1331 219 vi.

262 285 363 326 haec
398 284 605 339 praefatio
641 284 751 327 fuit:
784 288 798 308 ‘
820 284 1014 328 Manlius
1046 298 1148 327 eras
1184 285 1308 335 mihi,
1343 298 1446 327 cum
1475 285 1734 342 praecipites

264 353 428 405 agebas
463 353 714 396 Senonesz4
741 358 987 409 postquam
1018 354 1182 396 imitari
1216 354 1414 409 coepisti,
1441 367 1554 396 unus
1586 354 1735 397 factus

264 435 313 464 es
334 434 392 463 ex
413 421 697 464 Senonibus.’
758 421 912 477 Hujus
942 422 1164 477 supplicio
1195 426 1374 464 aeternae
1402 422 1632 464 memoriae
1653 434 1734 464 no-

262 489 339 533 tab
364 490 532 531 inserta
552 495 634 532 est.
694 489 888 544 Propter
916 489 1041 531 illum
1074 490 1191 531 enim
1223 490 1323 544 lege
1354 490 1517 532 sanciri
1545 490 1735 545 placuit,

262 572 318 601 ne
346 559 446 614 quis
477 559 693 614 patricius
722 559 769 600 in
798 571 916 609 arce,
939 563 1018 599 aut
1046 557 1293 612 Capitolio,
1320 558 1564 604 habitaret:
1595 557 1733 613 quia⁵

261 628 439 671 domum
472 641 526 670 eo
547 628 635 670 loci
665 627 896 677 habuerat,
918 627 997 668 ubi
1022 639 1140 668 nunc
1173 627 1314 669 aedem
1347 624 1575 670 Monetaee
1602 626 1733 668 vide-

260 705 396 739 mus*
456 697 546 739 Par
580 697 829 750 indignatio
861 694 1094 738 civitatis⁶
1137 695 1356 738 adversus
1389 695 1468 751 Sp.
1495 686 1734 738 Cassia-nst¹

261 767 428 821 erupit:
461 767 531 808 cui
562 767 663 822 plus
691 766 892 820 suspicio
927 765 1180 820 concupitae
1216 764 1528 807 dominationis
1558 764 1733 816 nocuit,

262 848 394 890 quam
426 840 515 876 tres
536 834 763 888 magnifici
795 833 1073 884 consulatus,
1106 846 1160 875 ac
1193 833 1283 875 duo
1314 832 1640 888 speciosissimi
1658 833 1735 877 tri>-

258 904 412 959 umphi
433 904 716 960 profuerunt.
777 903 968 945 Senatus
1009 902 1140 954 enim,
1173 903 1460 957 populusque
1499 901 1732 944 Romanus

257 985 346 1013 non
385 975 621 1014 contentus
653 970 839 1026 capitali
878 983 979 1011 eum
1011 970 1237 1025 supplicio
1273 970 1460 1021 afficere,
1495 970 1729 1012 interemto

260 1039 440 1082 domum
472 1041 728 1097 superjecit,
756 1043 804 1081 ut
838 1039 1070 1094 penatium
1097 1052 1276 1094 quoque
1309 1042 1452 1092 strage
1486 1039 1731 1092 puniretur.

260 1107 315 1150 In
332 1109 428 1151 solo
450 1114 597 1152 autem
619 1109 759 1152 aedem
778 1108 971 1151 Telluris
1003 1108 1124 1150 fecit.
1184 1108 1341 1163 Itaque
1363 1107 1484 1162 quod
1506 1106 1634 1162 prius
1651 1102 1732 1149 do-

258 1178 475 1220 micilium
504 1179 790 1237 impotentis⁷
822 1178 904 1220 viri
933 1178 1094 1229 fuerat,
1119 1190 1238 1219 nunc
1264 1176 1484 1231 religiosae
1512 1175 1733 1219 severita-

873 1307 1114 1320 “OO‘OOCOUOO

262 1374 471 1406 Mallius.—4
494 1374 599 1406 Multi
613 1373 716 1406 codd.
730 1373 884 1415 ejusdem
896 1373 1028 1406 habent
1043 1373 1196 1406 Senonas.
1221 1373 1306 1405 Mox
1317 1383 1380 1415 pro
1396 1372 1532 1413 imitari,
1545 1371 1637 1415 quod
1649 1377 1738 1414 sep-'

258 1422 329 1449 tem
357 1416 457 1450 codd.
481 1422 667 1454 testantur,
689 1422 726 1450 et
742 1418 841 1450 unice
858 1427 977 1450 verum
999 1423 1118 1450 censet
1134 1418 1277 1449 Torren.
1316 1417 1459 1458 Pighius
1484 1416 1730 1458 legitmutur1'3

258 1461 384 1502 Ultraj.
408 1464 439 1493 1.
457 1467 491 1493 et
507 1461 636 1493 Medic.
652 1464 684 1493 2.
701 1461 867 1493 exhibent
881 1461 1067 1499 immutari;
1090 1470 1175 1492 unus
1192 1460 1269 1492 cod.
1291 1464 1454 1501 postquam
1469 1460 1593 1492 imitari
1608 1469 1659 1492 eos
1673 1470 1733 1492 σω·

254 1504 360 1546 pisti;
387 1505 445 1536 alii
470 1505 663 1537 mutari.-5
688 1505 778 1536 Edd.
803 1505 911 1546 antiq.
942 1509 1073 1545 praeter
1101 1505 1196 1545 Mog.
1223 1505 1296 1545 qui;
1320 1503 1380 1535 sed
1404 1504 1501 1544 Mog.
1524 1513 1601 1535 cum
1625 1499 1731 1535 codd.

257 1548 345 1589 quia,
373 1552 414 1579 ut
436 1548 582 1589 Pighius
607 1548 884 1580 emendavit.-6
908 1548 965 1580 Ita
990 1557 1108 1580 omnes
1129 1547 1232 1580 codd.
1257 1557 1334 1579 cum
1358 1547 1439 1579 Vet.
1463 1547 1562 1588 Mog.
1585 1546 1730 1579 Venett.

256 1590 405 1623 Medici.
422 1598 458 1624 et
474 1590 617 1623 Ascens.
633 1592 773 1623 civitatis
784 1591 974 1623 omiserant
988 1590 1069 1623 Ald.
1087 1592 1199 1624 Colin.
1215 1590 1350 1632 Gryph.
1369 1594 1405 1622 et
1419 1589 1539 1631 Steph.
1555 1589 1733 1622 revocavit

256 1634 479 1675 Pigl1ius.-7
503 1635 559 1667 Ita
582 1635 726 1676 Pighius
757 1645 800 1667 ex
827 1635 949 1666 Atreb.
972 1634 1110 1666 Winck.
1132 1640 1170 1666 et
1198 1635 1319 1675 Camp.
1345 1633 1463 1675 itaque
1486 1632 1617 1666 Brund.
1640 1634 1673 1664 1.
1688 1631 1731 1665 ⁴2.

256 1677 386 1720 Uitr-aj.
408 1681 440 1711 2.
466 1683 502 1710 et
528 1679 624 1710 Leid.
643 1682 675 1710 5.
703 1678 918 1719 potentissimi
943 1677 1116 1710 dederunt
1145 1677 1227 1711 Ald.
1249 1678 1369 1710 Chalc.
1399 1677 1513 1710 Colin.
1529 1675 1664 1718 Gryph.
1693 1680 1734 1708 et

256 1721 376 1763 Steph.
393 1722 455 1753 viri
467 1722 680 1763 potentissimi
694 1722 825 1754 Medic.
844 1725 872 1754 1.
889 1724 921 1754 2.
934 1722 1142 1763 praepotentis
1157 1722 1271 1753 Bitur.
1290 1724 1320 1753 1.
1344 1722 1483 1762 potentis
1499 1724 1634 1762 septem
1647 1718 1705 1752 alii
1719 1729 1730 1759 ;

923 1818 1069 1851 NOTAE

259 1916 435 1940 carcerem
452 1908 641 1950 conjicitur
659 1919 667 1939 :
691 1908 751 1940 sed
770 1918 847 1940 mox
860 1917 969 1950 pop-u—

255 1959 281 1991 li
298 1964 392 1990 metu
409 1959 575 1990 liberatus
591 1959 727 2000 plebem
745 1960 787 1992 ad
806 1960 871 1990 vim
888 1969 967 1991 con-

260 2010 346 2041 citat
363 2020 371 2041 :
408 2019 515 2052 quare
547 2009 619 2041 dies
651 2010 717 2051 ipsi
747 2021 767 2042 a
804 2010 968 2042 Tribunis

256 2060 368 2101 plebis
390 2060 539 2100 dicitur-3
565 2066 636 2093 tum
659 2062 718 2093 ille
738 2071 794 2093 res
811 2071 879 2093 ase
893 2071 968 2102 ges-

256 2116 310 2143 tas
333 2120 614 2152 commemorare,
629 2112 776 2144 hostium
799 2122 967 2144 caesorum

256 2163 382 2204 spolia,
408 2162 567 2205 donaque
594 2162 750 2205 proferre
774 2163 969 2204 Imperato-

257 2209 346 2255 rum,
363 2218 397 2245 et
414 2213 458 2246 ad
474 2214 685 2255 Capitolium
699 2214 886 2246 identidem
898 2224 968 2246 ma-

258 2274 323 2297 nus
354 2264 521 2297 tendere:
547 2275 697 2307 cumque
725 2265 833 2297 amica
869 2266 968 2306 plebs

256 2314 367 2350 ferret
383 2315 556 2358 suffragia,
570 2317 603 2348 in
617 2317 742 2358 locum,
755 2316 844 2348 unde
858 2317 890 2348 in
904 2317 969 2349 Ca-

257 2369 416 2410 pitolium
431 2373 640 2410 conspectus
664 2378 732 2400 non
763 2372 868 2409 esset,
890 2377 968 2399 con·

260 2420 377 2452 cilium
405 2420 523 2461 populi
553 2419 757 2451 translatum
788 2422 854 2450 est.
900 2418 968 2450 Ubi

260 2470 442 2502 damnatus
462 2479 481 2502 a
500 2469 659 2501 Tribunis
685 2468 810 2510 plebis,
834 2478 853 2500 e
883 2478 968 2500 saxo

259 2522 409 2563 Tarpeio
422 2522 581 2563 dejectus
598 2526 650 2553 est
665 2532 674 2561 ς
698 2522 862 2562 locusque
876 2520 969 2551 idem

260 2574 296 2604 in
317 2583 383 2605 uno
400 2574 551 2614 homine,
568 2577 604 2605 et
619 2571 754 2604 eximiae
769 2571 888 2613 gloriae
902 2581 970 2602 mo-

260 2630 474 2666 numentum,
508 2630 544 2656 et
579 2634 690 2666 poenae
717 2622 846 2655 ultimae
894 2621 973 2654 fuit.

263 2675 352 2708 Haec
375 2676 487 2707 Livius
502 2675 560 2708 lib.
578 2685 632 2707 VI.

303 2724 319 2746 b
341 2727 483 2758 AEternae
510 2726 666 2758 memoriae
695 2724 786 2766 nota]
807 2723 969 2766 Adjectae

262 2780 395 2807 mortuo
413 2776 487 2808 duae
504 2782 596 2809 notae
613 2780 716 2808 sunt:
741 2774 881 2817 publica
892 2784 970 2815 una,

1025 1908 1114 1950 qnod
1137 1908 1247 1940 latum
1264 1906 1307 1939 ad
1332 1906 1493 1948 populum
1511 1909 1578 1947 est,
1594 1913 1639 1936 ne
1655 1903 1735 1947 quis

1024 1959 1189 2001 patricius
1206 1959 1240 1990 in
1264 1967 1344 1990 arce
1366 1962 1425 1989 aut
1441 1957 1615 1998 Capitolio
1634 1955 1733 1988 habi-

1023 2015 1134 2042 taret:
1162 2008 1336 2050 gentilitia
1358 2008 1480 2048 altera,
1505 2005 1596 2048 quod
1620 2006 1733 2047 gentis

1023 2060 1163 2093 Manlioe
1190 2059 1334 2091 decreto
1351 2063 1493 2091 cautum*
1516 2062 1583 2097 est,
1598 2066 1642 2089 ne
1658 2056 1733 2100 quin

1022 2111 1148 2143 deinde
1158 2109 1368 2142 M.Manlins
1386 2112 1580 2141 vocaretur.

1065 2167 1080 2184 ‘²
1101 2163 1215 2194 AEdem
1233 2160 1386 2202 Monetae]
1408 2158 1569 2198 sunonis,
1594 2157 1652 2190 cui
1673 2165 1733 2189 no-

1023 2223 1100 2245 rnen
1123 2213 1203 2244 inde
1225 2212 1355 2244 factum
1379 2210 1533 2249 dicitnr;
1566 2207 1661 2251 quod
1683 2207 1734 2240 ibi

1023 2275 1089 2297 vox
1106 2264 1227 2296 audita
1241 2267 1348 2303 esset,
1370 2260 1519 2294 dicentis
1541 2260 1733 2292 adventare

1023 2315 1155 2347 Gallos.

1066 2365 1086 2385 *
1102 2364 1169 2397 An.
1185 2365 1237 2396 M.
1253 2365 1351 2396 3671.
1374 2362 1432 2395 Ol.
1448 2365 1503 2395 99.
1520 2364 1552 2394 2.
1577 2360 1664 2394 Urb.
1680 2361 1730 2394 ’0.

1023 2421 1097 2450 370.
1110 2417 1194 2449 Ant.
1214 2417 1275 2449 Ch.
1290 2419 1366 2448 382.

1065 2468 1081 2490 ‘¹
1103 2469 1261 2501 Adversus
1298 2467 1356 2508 Sp.
1391 2464 1552 2506 Cassium]
1588 2463 1731 2496 Caedem

1024 2520 1084 2561 Sp.
1103 2519 1212 2550 Cassii
1235 2518 1457 2559 exposuimus
1476 2516 1532 2548 lib.
1549 2525 1575 2547 1.
1602 2525 1631 2547 c.
1646 2517 1679 2547 4.
1696 2524 1732 2548 n.

1026 2573 1058 2602 6.
1089 2570 1139 2601 Μ.
1156 2569 1272 2600 Flacci
1290 2568 1348 2599 lib.
1361 2577 1387 2599 1.
1412 2577 1443 2599 c.
1455 2570 1486 2599 7.
1512 2576 1546 2598 n.
1562 2569 1594 2598 6.
1618 2565 1659 2597 L.
1673 2564 1732 2597 Sa-

1028 2620 1156 2652 turnini
1173 2619 1232 2651 lib.
1257 2628 1314 2650 111.
1339 2628 1370 2650 c.
1387 2621 1419 2650 2.
1441 2628 1472 2651 n.
1488 2620 1541 2649 18.
1554 2617 1606 2650 Ti.
1621 2617 1732 2650 Grac-

1023 2671 1077 2703 chi
1100 2671 1158 2702 lib.
1176 2679 1201 2702 1.
1227 2679 1259 2701 c.
1275 2671 1309 2702 4.
1340 2671 1418 2701 n.2.
1445 2668 1483 2701 C.
1500 2668 1649 2700 Gracchi
1672 2667 1732 2700 lib.

1024 2731 1049 2755 1.
1078 2731 1109 2754 c.
1125 2724 1157 2753 7.
1189 2730 1223 2752 n.
1240 2723 1271 2752 6.
