1878 3132
298 173 385 217 886
695 184 904 216 VALERn
938 184 1132 217 ΜΑΧιΜι
1167 186 1266 219 ms.
1299 186 1373 217 rx.

298 285 598 327 urbanitatem
618 283 727 328 dicti
747 285 900 328 crebro
921 284 1118 328 anhelitu
1149 285 1466 328 cachinnorum
1485 291 1768 341 prosecutus,

299 352 437 394 senile
459 356 604 407 guttur
625 353 817 396 salebris
839 354 1027 408 spiritus
1046 353 1377 409 praegravavit.·'
1391 358 1428 386 ³4

355 422 398 463 7.
428 418 495 462 At
517 421 768 473 Pindarus,⁸
798 435 898 464 cum
918 422 965 464 in
986 423 1218 478 gymnasio
1239 435 1375 477 super
1394 422 1605 476 gremium
1623 425 1768 477 paeri,

299 501 388 543 quo
412 490 542 532 unice
558 493 591 520 ³⁵
622 489 942 541 delectabatur,
964 490 1112 545 capite
1142 490 1295 545 posito
1314 490 1454 545 quieti
1474 502 1522 531 se
1550 489 1770 542 dedisset,

299 570 392 599 non
420 558 547 612 prius
582 557 831 600 decessisse
853 558 1052 612 cognitus
1073 563 1159 610 est,
1194 571 1326 613 quam
1359 552 1774 614 gymnasi-archam

299 624 506 668 claudere
521 625 617 681 jam
640 640 743 679 eum
762 626 913 669 locum
931 627 1125 678 volente,
1145 627 1441 681 nequicquam
1462 627 1771 669 excitaretur!

300 692 386 735 Cui
408 693 589 748 quidem
610 694 868 736 crediderim
888 693 1042 736 eadem
1062 695 1339 749 benignitate
1362 694 1574 746 Deorum,
1596 698 1642 737 et
1671 698 1772 737 tan·

298 763 394 804 tum
413 760 607 816 poeticae
628 761 868 813 facundiae,
886 765 1037 804 ettam
1058 763 1286 818 placidum
1302 763 1409 806 vitae
1430 762 1563 805 finem
1585 762 1773 805 attribu-

298 833 405 872 tum.

358 897 403 940 8.
436 897 567 940 Sicut
586 897 891 941 Anacreonti¹²
926 912 1120 954 quoque,
1141 899 1350 954 quamvis
1375 900 1543 940 statum
1562 897 1771 940 humanae

299 965 408 1008 vitae
428 965 609 1007 modum
630 978 946 1021 supergresso:
979 980 1113 1022 quem
1144 979 1244 1009 uvae
1279 979 1432 1021 passae
1460 978 1599 1008 succo
1617 969 1772 1007 tenues

303 1036 349 1075 et
368 1033 515 1075 exiles
535 1033 697 1076 virium
727 1035 940 1089 reliquias
961 1034 1180 1077 foventem
1195 1039 1228 1066 ³⁷
1261 1034 1391 1076 unius
1424 1034 1545 1088 grani
1579 1033 1774 1089 pertina-

300 1100 400 1142 cior
418 1101 465 1143 in
486 1101 623 1143 aridis
643 1101 848 1145 saucibus
867 1103 1024 1145 humor
1045 1102 1276 1145 absumsit.

345 1222 356 1243 ·’
371 1224 556 1258 Interclasit
568 1228 686 1267 guttur
699 1226 795 1259 senile
811 1225 1034 1258 vehementiori
1047 1228 1079 1258 et
1093 1224 1245 1257 crebriori
1259 1224 1392 1267 spiritus
1405 1224 1558 1257 anhelitu.

918 1310 1159 1322 “tuem

300 1379 390 1408 —34
411 1376 519 1408 Barb.
534 1379 564 1409 1.
577 1376 689 1409 salibri
701 1376 818 1418 spiritu
829 1376 970 1418 privavit
982 1388 995 1415 ,·
1020 1376 1119 1409 Leid.
1137 1379 1167 1409 1.
1184 1376 1288 1408 etiam
1302 1376 1419 1418 spiritu
1431 1387 1445 1415 ,-
1459 1379 1530 1408 tres
1543 1374 1601 1407 alii
1613 1375 1776 1416 gravavit.

301 1422 386 1451 —35
412 1419 512 1452 Harl.
528 1420 636 1452 Barb.
661 1423 692 1452 1.
717 1425 754 1451 et
782 1420 878 1451 Leid.
896 1423 928 1452 6.
963 1430 1021 1461 quo
1045 1421 1148 1452 unico.
1173 1421 1259 1452 Mox
1284 1421 1420 1452 Douac.
1445 1419 1548 1460 capite
1569 1418 1775 1451 inclinato.—

301 1465 346 1494 36
361 1463 490 1495 Brand.
507 1466 537 1495 1.
552 1465 584 1495 2.
599 1463 851 1505 gymnasiarcho.
868 1462 923 1495 Cf.
939 1471 992 1495 rx.
1012 1466 1065 1495 10.
1083 1464 1162 1495 Ext.
1183 1466 1302 1494 2.-—37
1329 1463 1407 1495 Hoc
1420 1472 1441 1494 a
1456 1461 1576 1503 Pighio
1592 1466 1658 1502 est,
1671 1469 1773 1503 quem

302 1515 422 1538 omues
435 1506 493 1537 alii
509 1508 622 1538 secuti
637 1510 729 1538 sunt.
753 1509 763 1524 ‘
775 1506 846 1538 Bit.
860 1506 958 1547 prim.
975 1516 1063 1547 quem
1079 1507 1135 1538 vix
1147 1509 1266 1538 statum
1277 1517 1290 1544 ,-
1307 1506 1404 1538 Leid.
1421 1510 1535 1547 quart.
1550 1503 1692 1546 quamvis
1703 1507 1776 1535 tan·

301 1552 395 1586 hant,⁹
417 1549 515 1582 Leid.
544 1551 656 1590 quint.
678 1559 767 1590 quem
788 1549 848 1581 iste
872 1553 1012 1587 slatum3
1040 1549 1168 1591 Ultraj.
1191 1558 1260 1580 sec.
1289 1552 1325 1581 et
1350 1549 1448 1590 Mog.
1468 1558 1558 1590 quem
1573 1548 1777 1584 bisuntium:

302 1591 432 1629 Ceteri,
444 1602 535 1632 quem
546 1593 593 1624 bis
605 1596 739 1624 tantum.
784 1592 850 1625 Sed
867 1602 983 1624 omnes
997 1592 1134 1633 scripti,
1144 1602 1377 1633 supergressum
1393 1592 1558 1630 retinent,
1573 1591 1639 1623 hoe
1650 1588 1752 1622 modo
1763 1599 1774 1620 ι

303 1636 447 1667 humanae
463 1637 538 1668 υἱέα·
552 1645 798 1677 supergressum,
814 1637 889 1667 dum
901 1645 970 1667 uvoe
980 1645 1092 1676 passoe,
1107 1637 1160 1676 ᾅτ.
1176 1635 1258 1667 vires
1272 1635 1418 1675 foveret.-
1442 1634 1477 1666 in
1492 1633 1614 1675 quibus
1631 1631 1777 1673 Pighius

304 1678 410 1711 etiam
425 1680 499 1711 dum
516 1678 656 1720 foveret,
681 1678 833 1711 mutavit
856 1679 903 1719 in,
926 1688 1017 1720 quem
1034 1678 1208 1717 foventem,
1225 1684 1263 1710 ut
1279 1678 1429 1710 absumsit
1453 1677 1615 1710 videlicet
1628 1675 1776 1708 haberet

304 1731 402 1754 suum
418 1723 665 1754 accusativum.
709 1722 837 1763 Ultraj.
865 1722 964 1765 prim.
978 1723 1053 1754 dum
1074 1722 1215 1761 omittit,
1232 1726 1268 1753 et
1285 1722 1389 1753 habet
1393 1720 1566 1760 foventem.
1610 1719 1774 1751 Ceterum

303 1774 374 1797 non
393 1765 476 1798 satis
499 1765 672 1807 intelligo,
695 1775 796 1807 quem
822 1766 935 1796 locum
960 1764 1016 1796 hic
1043 1764 1152 1806 possit
1179 1764 1308 1796 habere
1335 1763 1536 1806 conjunctio
1557 1761 1776 1794 adversativa

303 1810 454 1850 quamvis.
502 1808 596 1843 Quid
625 1807 715 1840 enim
741 1808 826 1840 illud
853 1808 931 1840 est?
956 1807 1153 1848 benignitate
1182 1808 1316 1839 Deorum
1338 1810 1404 1839 tam
1422 1807 1580 1848 placidum
1592 1804 1776 1848 vitoefinem

301 1851 494 1884 attributum
508 1852 713 1892 Anacreonti,
724 1851 864 1893 quamvis
873 1860 1076 1892 supergresso
1091 1851 1231 1883 humanae
1245 1852 1321 1882 vitoe
1337 1851 1461 1882 modum
1471 1860 1482 1882 .·
1499 1859 1543 1882 an
1558 1848 1639 1880 ideo
1654 1847 1775 1880 durior

304 1904 388 1936 ergo
404 1901 439 1928 et
461 1895 687 1927 miserabilior
710 1893 787 1926 finis
815 1894 1018 1927 tribuendus
1038 1895 1136 1926 erat?
1182 1893 1275 1927 Quid
1292 1893 1320 1924 si
1335 1893 1515 1935 legamus?
1535 1892 1618 1924 sieut
1637 1890 1775 1927 Anacre-

303 1939 373 1970 onti
388 1948 518 1980 quoque,
540 1948 630 1980 quem
645 1938 838 1970 destinatum
859 1938 1004 1969 humanoe
1018 1937 1094 1969 vitae
1113 1937 1236 1969 modum
1249 1946 1496 1977 supergressum,
1508 1936 1581 1967 dam
1594 1944 1663 1966 τινα.
1674 1942 1776 1975 passe

302 1991 393 2013 saeco
406 1985 515 2014 tenues
528 1985 561 2014 et
575 1981 673 2015 exiles
685 1981 802 2013 virium
815 1980 965 2021 reliquias
971 1979 1099 2019 foveret
1106 1991 1120 2019 ,·
1144 1984 1182 2011 ut
1197 1980 1373 2020 corruptio
1397 1984 1474 2011 orta
1496 1978 1540 2010 sit
1556 1987 1598 2009 ex
1613 1987 1667 2017 eo,
1682 1974 1776 2018 qnod

302 2023 503 2064 distinatum,
517 2025 684 2066 scriptum
700 2024 873 2056 invenerit
888 2023 1046 2064 fortasse,
1072 2032 1134 2065 pro
1154 2024 1358 2062 destinatum,
1371 2026 1411 2055 ut
1434 2023 1473 2054 de
1488 2026 1525 2054 et
1539 2021 1574 2053 di
1589 2021 1623 2052 in
1639 2028 1776 2060 compo·

305 2067 382 2098 sitis
413 2068 559 2100 subinde
590 2067 732 2100 fuerunt
757 2065 927 2099 confusa.’
942 2066 1079 2098 *Tm-ren.
1123 2066 1133 2084 ⁴
1147 2067 1222 2108 Ego
1251 2075 1319 2098 non
1350 2065 1486 2109 dubito,
1511 2063 1592 2106 quin
1617 2062 1779 2095 Valerius

303 2110 505 2152 scripserit:
536 2121 626 2153 quem
656 2111 998 2152 bis....supergressum‚
1024 2108 1280 2149 dum....foveret,
1306 2109 1328 2140 i.
1357 2118 1389 2140 e.
1413 2108 1480 2142 Qui
1507 2116 1585 2139 cum
1612 2105 1656 2138 ad
1685 2114 1776 2138 sum·

305 2163 395 2186 mam
406 2154 479 2195 jam
496 2154 714 2195 pervenisset
730 2158 960 2193 senectutem,
975 2157 1011 2184 et
1027 2154 1108 2184 vitae
1121 2153 1278 2184 humanae
1296 2151 1459 2184 terminos
1469 2152 1570 2192 longe
1575 2149 1649 2191 jam
1657 2155 1776 2190 super-

304 2206 443 2238 gressus
459 2202 567 2237 esset,
595 2202 711 2229 tamen
736 2197 875 2229 tandem
892 2195 1058 2228 inusitato
1075 2196 1191 2227 mortis
1206 2205 1341 2236 genere-
1351 2194 1465 2236 periit‚
1485 2194 1564 2225 dum
1582 2202 1685 2225 succo
1701 2201 1778 2223 uvae

305 2250 419 2283 passae
434 2241 540 2273 exiles
557 2250 614 2273 res
626 2240 746 2272 fovere
760 2238 888 2272 vellet.'
911 2240 1020 2280 Kapp.
1065 2238 1176 2271 Paulo
1202 2243 1282 2280 post
1306 2248 1368 2280 pro
1380 2237 1478 2279 grani
1491 2236 1649 2269 Perizon.
1663 2234 1778 2274 malit,

972 2325 1117 2359 No'rAE

349 2397 366 2431 ss
389 2392 457 2425 An.
473 2392 524 2424 M.
539 2395 638 2425 3648.
673 2392 731 2425 Ol.
744 2394 798 2425 93.
811 2393 842 2423 3.
875 2391 961 2424 Urb.
975 2392 1014 2424 C.
1070 2391 1167 2424 dere.

306 2446 382 2477 ³4⁷.
410 2443 496 2476 Ant.
514 2443 577 2475 Ch.
593 2445 670 2475 405.
1112 2441 1132 2460 ³¹*
1157 2439 1225 2473 An.
1239 2441 1289 2473 Μ.
1306 2443 1404 2472 3590.
1437 2438 1496 2471 Ol.
1511 2441 1566 2471 ⁷9.
1582 2440 1614 2471 1.
1635 2437 1722 2469 Urb.
1735 2435 1777 2468 C.

349 2499 361 2515 ⁸
376 2494 552 2535 Pindarus]
577 2493 720 2536 Lyricus
737 2491 848 2525 Poeta
862 2492 1013 2534 AEschyli
1070 2495 1145 2524 289.
1167 2491 1252 2523 Ant.
1269 2491 1331 2524 Cli.
1346 2493 1421 2523 463.

306 2546 461 2588 aqualis,
491 2546 590 2587 cujus
621 2546 758 2577 domum
786 2544 877 2576 dirui
902 2545 1016 2577 vetuit
1112 2548 1127 2564 ¹¹
1154 2542 1363 2583 Anacreonti]
1409 2540 1531 2573 Poe'tae
1566 2539 1704 2582 Lyrico,
1733 2547 1778 2570 ex

307 2597 521 2637 Alexander,
536 2597 617 2629 dum
633 2596 770 2629 Thebas
787 2597 927 2629 evertit.
1068 2594 1151 2635 Teio
1179 2593 1300 2626 Ionica
1327 2593 1469 2625 civitate
1483 2602 1492 2623 z
1517 2591 1551 2623 in
1567 2591 1693 2622 honore
1709 2587 1777 2621 fuit

354 2649 363 2669 ⁸
392 2648 659 2691 Gymnasiarcha]
704 2647 884 2689 Gymnasii
922 2647 1016 2689 prin·
1068 2645 1162 2687 apud
1193 2645 1416 2686 Polycratem
1446 2643 1636 2675 Samiorum
1663 2646 1779 2682 tyran»

307 2708 403 2740 cepti,
417 2699 515 2740 cujus
527 2703 604 2731 erat
615 2699 768 2741 peractis
780 2698 867 2730 ludis
881 2701 1016 2739 specta·
1069 2706 1162 2741 num.

308 2754 402 2781 tores
419 2749 590 2782 deducere
607 2749 710 2790 foras,
728 2749 905 2790 locumque
922 2749 1014 2780 clau-
