1878 3132
503 187 613 220 οη.
635 186 726 219 vu.
759 186 824 218 m:
855 185 1105 220 Amemus
1141 187 1379 222 vincum.
1588 180 1675 224 477

198 283 406 327 hensione
421 286 724 342 propinquum
745 298 966 338 aver-sere,
986 298 1121 343 quam
1140 287 1334 330 amicum
1348 295 1387 331 ε·
1407 286 1515 343 quia
1535 286 1675 331 altera

131 407 135 410 -
198 352 402 396 diremtio
422 354 688 410 iniquitati-5,
710 354 854 398 altera
872 356 1028 412 utique
1050 356 1249 399 levitatis
1273 357 1445 399 crimini
1468 356 1674 412 subjecta

198 425 304 464 est.²
342 421 453 466 Cum
474 423 591 465 enim
611 423 788 466 deserta
803 424 864 466 sit
882 423 1033 467 futura
1052 425 1145 468 vita
1163 425 1356 467 hominis
1376 425 1540 468 nullius
1562 425 1672 468 ami-

197 490 317 534 citiae
338 491 484 535 cincta
504 493 752 548 praesidio,³
784 497 876 536 tam
895 494 1203 537 necessarium
1237 494 1485 537 subsidium
1506 497 1670 537 temere

195 561 368 602 assumi
386 573 476 603 non
497 561 657 615 debet3
688 562 824 606 semel
844 566 992 605 autem
1013 567 1135 606 recte
1158 563 1497 618 apprehensum
1518 563 1670 618 sperni

193 640 283 671 non
303 629 521 672 convenit.
583 630 779 674 Sincerae
799 644 906 674 vero
925 631 1032 674 fidei
1048 632 1183 674 amici
1199 633 1430 687 praecipue
1453 631 1496 673 in
1518 631 1672 674 adver-

197 697 263 739 sis
283 699 416 740 rebus
436 705 791 754 cognoscuntur:
822 701 867 743 in
888 701 1051 756 quibus
1083 700 1300 756 quicquid
1331 703 1586 756 praestatur,
1607 704 1673 742 to·-

195 770 289 808 tum
310 780 339 809 a
359 769 586 811 constanti
602 769 911 814 benevolentia
931 768 1252 824 proficiscitur.
1313 768 1564 811 Felicitatis
1578 768 1673 811 cul—

194 838 280 886 tus,
311 836 480 891 maj01e
510 850 570 879 ex
600 843 727 894 parte
758 839 1023 890 adulationi,
1055 852 1193 894 quam
1224 838 1401 881 caritati
1436 838 1675 892 erogatus?

195 908 344 947 certe⁴
371 910 608 960 suspectus
625 911 707 959 est,
727 907 912 963 perinde
933 921 987 950 ac
1006 907 1046 949 si
1064 907 1166 962 plus
1179 920 1360 962 semper
1380 909 1521 962 petat,
1536 919 1671 961 quam

193 972 440 1028 impendat.
500 973 692 1018 Accedit
711 976 815 1028 huc,
837 976 959 1032 quod
990 975 1193 1018 infractae
1224 974 1412 1018 fortunae
1446 975 1673 1018 homines⁶

193 1042 337 1096 magis
358 1044 602 1086 amicorum
623 1046 775 1088 studia
796 1045 1067 1096 desiderant,
1101 1044 1175 1087 vel
1206 1045 1408 1100 praesidii
1425 1044 1499 1087 vel
1521 1044 1673 1086 solatii

194 1111 350 1165 gratia.
411 1113 529 1155 Nam
562 1115 669 1157 laeta
700 1115 896 1170 quidem,
938 1120 983 1157 et
1018 1127 1238 1170 prospera
1276 1113 1472 1168 negotia,
1508 1117 1672 1168 utpote

196 1192 299 1221 cum
331 1181 484 1224 divina
511 1182 829 1238 suffragatione
859 1186 1105 1235 foveantur,
1142 1183 1336 1225 humana
1369 1183 1519 1224 minus
1555 1181 1672 1223 indi-

195 1253 312 1303 gent.
372 1250 598 1294 Tenacius
619 1252 752 1307 igitur
772 1266 923 1295 eorum
944 1253 1125 1296 nomina
1145 1252 1427 1309 posteritatis
1456 1252 1673 1293 memoria

237 1406 254 1422 ⁰
282 1400 447 1435 Vinculum
461 1403 614 1436 amicitioe
627 1403 796 1444 sanguinis
809 1405 933 1438 vinculo
947 1405 1004 1437 hoc
1026 1407 1170 1447 proestat,
1191 1405 1271 1447 quod
1286 1415 1356 1437 cum
1369 1404 1586 1445 cognationem
1601 1413 1674 1435 nas-

192 1446 287 1476 cendo
299 1447 531 1486 contrahamus,
545 1458 622 1488 opus
638 1449 783 1488 fortunae
799 1459 865 1481 esse
880 1451 1048 1486 videatur,·
1069 1449 1242 1481 amicitiam
1263 1459 1337 1481 vero
1352 1449 1561 1490 unusquisque
1574 1451 1604 1480 et
1620 1458 1673 1479 vo-

194 1488 316 1520 luntate
332 1489 441 1531 libera,
454 1494 486 1522 et
500 1500 575 1522 sano
589 1490 714 1530 judicio
729 1492 826 1525 ineat.
872 1494 980 1530 Quare
994 1503 1055 1525 non
1070 1496 1161 1525 tanta
1176 1493 1413 1534 reprehensione
1428 1493 1543 1533 dignus
1556 1492 1584 1523 si
1602 1501 1676 1533 pro-

190 1531 355 1573 pinquum,
371 1543 463 1574 quam
478 1534 508 1566 si
521 1534 655 1566 amicum
669 1546 689 1566 a
705 1539 736 1567 te
747 1535 911 1577 repuleris.

227 1573 252 1649 d*
275 1576 342 1612 Qui
357 1576 563 1615 fortunatum
577 1579 712 1611 amicum
726 1580 814 1622 colit,
831 1581 885 1612 ille
900 1581 1002 1622 magis
1014 1580 1155 1620 adulari,
1170 1590 1265 1622 quam
1280 1579 1402 1612 sincero
1417 1588 1524 1612 amore
1538 1578 1673 1620 diligere

193 1618 227 1649 ui
250 1621 330 1651 etur.

238 1666 251 1682 ⁶
274 1662 439 1697 Proeterea
454 1664 604 1706 homines,
626 1665 679 1707 qui
694 1667 826 1698 adversa
840 1666 977 1705 fortuna
992 1670 1138 1700 utuntur.

812 1767 1052 1781 eeeeeeeeeeee

196 1833 207 1851 ‘
218 1834 304 1866 ‘rota
319 1834 394 1867 haec
411 1835 574 1877 periodus
589 1841 755 1878 corrupta
771 1847 845 1870 esse
864 1837 1012 1870 videtur.
1058 1836 1214 1870 Primum
1230 1836 1375 1880 Pighius
1390 1847 1434 1869 ex
1450 1837 1549 1870 libris
1565 1836 1673 1880 scrip-

194 1877 261 1909 sit:
285 1878 414 1910 celerius
428 1883 473 1911 est
492 1903 500 1911 .
515 1902 524 1912 .
539 1902 547 1911 .
563 1884 707 1912 avertere
717 1892 730 1919 ,-
753 1886 789 1913 at
804 1881 888 1913 illud
904 1885 950 1913 est
974 1891 1087 1923 neque
1099 1882 1260 1914 Vorstius
1291 1891 1402 1923 neque
1427 1881 1611 1913 Torreuius
1637 1882 1673 1913 in

192 1921 261 1952 suis
274 1921 360 1953 Mss.
376 1922 594 1956 invenerunt.
639 1924 778 1957 Deinde
795 1925 828 1956 in
846 1926 931 1957 Mss.
948 1931 1003 1957 est
1019 1926 1074 1957 vel
1089 1929 1242 1963 avertere,
1265 1931 1302 1957 et
1318 1926 1368 1957 sic
1390 1925 1495 1958 habet
1511 1925 1594 1957 Vet.
1617 1925 1674 1957 vel

192 1974 346 2002 arersere,
371 1966 423 1997 vel
438 1976 582 1999 aversare
594 1978 607 2005 ;
631 1968 768 2009 quidam
786 1967 920 2000 addunt
932 1973 1034 2010 potes,
1051 1969 1107 2000 vel
1119 1969 1250 2010 poteris.
1296 1969 1349 2000 Ex
1366 1968 1417 2000 his
1444 1969 1541 2001 tricis
1568 1977 1673 2010 expe-

193 2007 268 2039 dire
285 2017 345 2040 nos
360 2019 536 2050 possumus
551 2011 579 2042 si
596 2011 770 2052 legamus:
797 2012 909 2053 Itaque
920 2013 1064 2052 celeria-3,
1086 2012 1178 2055 (scil.
1208 2017 1266 2054 est,
1293 2012 1383 2054 quod
1413 2013 1672 2044 Grammaticus

193 2050 419 2093 adscripsisse
437 2053 588 2095 videtur)
602 2055 710 2087 siner.
725 2066 756 2087 a.
775 2059 916 2087 avertere
942 2066 971 2096 q.
998 2066 1043 2096 a.‚
1069 2061 1108 2087 ut
1133 2060 1277 2088 avertere
1301 2057 1346 2087 sit
1373 2055 1574 2088 infinitivus.
1622 2054 1672 2087 At

193 2102 386 2136 sequuntur
402 2096 511 2137 magis
527 2097 705 2147 imppdita.
752 2099 794 2131 In
821 2099 924 2131 codd.
949 2103 1005 2131 est
1033 2098 1213 2140 delectioni,
1236 2101 1290 2141 (et
1322 2100 1372 2131 sic
1392 2098 1488 2142 Vet.)
1512 2099 1672 2139 diremtio,

192 2138 343 2178 desertio,
358 2139 503 2181 directio,
519 2141 703 2181 directione,
719 2142 869 2184 direptio,
885 2142 1070 2184 direptione,
1094 2142 1144 2174 ita
1158 2147 1198 2175 ut
1218 2153 1288 2174 sem
1295 2152 1357 2183 per
1382 2147 1464 2175 ante
1491 2142 1674 2184 iniquitatis

192 2180 365 2213 inferatur
379 2184 510 2224 utiquam
533 2190 570 2216 et
584 2186 751 2227 scriptum
776 2187 841 2218 sit:
866 2186 968 2218 altera
991 2186 1055 2219 dir.
1079 2187 1186 2227 utique
1215 2186 1410 2228 iniquitatis,
1437 2187 1538 2218 altera
1564 2186 1673 2227 utique

192 2225 345 2258 levitatis.
391 2226 423 2258 N
429 2236 494 2258 unc
511 2228 583 2259 sive
605 2229 785 2271 diremptio,
813 2229 885 2262 sive
914 2230 1049 2261 desertio
1073 2230 1195 2271 eligas,
1219 2230 1294 2261 sive
1320 2239 1398 2262 cum
1426 2230 1546 2271 Lipsio
1575 2229 1673 2260 malis

191 2267 338 2309 desectio,
361 2274 471 2302 restat
488 2272 682 2314 scrupulus,
707 2272 878 2314 quomodo
894 2273 1024 2304 crimen
1047 2272 1188 2305 levitatis
1211 2273 1319 2316 magis
1345 2272 1673 2315 reprehendendum

192 2310 366 2352 videatur,
387 2322 490 2354 quam
505 2314 686 2356 iniquitatis
694 2326 708 2354 ,·
730 2316 819 2357 quod
838 2321 953 2348 tamen
977 2315 1165 2348 secundum
1188 2317 1377 2349 lectionem
1401 2323 1552 2349 nostram
1569 2316 1672 2347 Vale-

192 2354 262 2387 rius
278 2355 404 2388 dixisse
420 2357 530 2389 videri
547 2363 675 2398 potest.
719 2359 814 2391 Hinc
828 2360 1016 2392 Torrenius
1030 2360 1174 2402 corrigit
1188 2360 1335 2392 diremtio
1356 2360 1551 2402 iniquitatis,
1572 2359 1674 2391 altera

192 2397 301 2439 utique
315 2402 346 2430 et
358 2400 512 2440 levitatis,
525 2402 578 2442 &a
597 2407 632 2434 et
647 2401 742 2444 prius
759 2403 867 2444 utique
889 2403 1012 2435 tribuit
1035 2403 1187 2435 librariis
1212 2404 1302 2436 male
1330 2403 1592 2446 assequentibus
1617 2403 1674 2434 vel

194 2442 438 2482 repetentibus
456 2444 589 2485 priores
603 2445 782 2478 literarum
798 2445 923 2479 ductus
936 2447 969 2479 in
983 2447 1031 2487 τῷ
1043 2446 1238 2488 iniquitatis.
1285 2446 1387 2481 Quod
1413 2446 1495 2479 mihi
1519 2447 1577 2478 vix
1594 2455 1672 2487 per-

194 2485 341 2525 suadet3
367 2487 532 2528 repetitio
550 2498 631 2521 vero
645 2489 704 2521 τοῦ
718 2490 826 2531 utique
842 2490 947 2522 etiam
964 2490 1082 2522 nescio
1098 2491 1179 2533 quid
1197 2490 1302 2523 habet
1322 2491 1400 2522 duri
1415 2501 1425 2530 ς
1447 2490 1564 2522 malim
1590 2499 1673 2531 ergo

194 2529 368 2568 posterius
377 2530 503 2562 leviter
514 2538 649 2564 mutare
661 2538 698 2565 et
710 2533 863 2565 scribere
874 2544 883 2565 ι
896 2535 997 2565 altera
1007 2534 1156 2566 diremtio
1168 2534 1275 2575 utique
1283 2533 1475 2576 iniquitatis,
1485 2534 1588 2565 altera
1598 2542 1674 2574 quo-

194 2580 251 2612 que
265 2572 418 2613 levitatis,
433 2575 486 2614 &cu
503 2579 540 2606 ut
558 2575 719 2608 diremtio
736 2577 898 2610 amicitiae
914 2586 982 2609 non
998 2577 1100 2609 modo
1116 2577 1321 2620 iniquitatis,
1334 2586 1454 2609 verum
1467 2576 1572 2608 etiam
1588 2576 1673 2608 levi-

194 2614 279 2646 tatis
294 2615 423 2648 crimen
440 2616 510 2649 sit!
535 2619 706 2660 Kapp.—3
731 2619 830 2652 Leid.
847 2623 878 2652 1.
893 2620 983 2659 fulta
995 2621 1145 2662 proesidio
1156 2632 1169 2660 ‚·
1194 2620 1292 2653 Leid.
1308 2623 1340 2653 7.
1355 2620 1456 2660 fulta,
1479 2619 1553 2651 sive
1567 2619 1673 2651 cincta

193 2658 340 2698 presidio
352 2669 366 2697 ;
389 2659 509 2692 Rhem.
524 2662 624 2694 tincta
639 2663 861 2703 presidia-4
877 2665 887 2681 ‘
902 2665 999 2706 Mog.
1015 2669 1051 2696 et
1059 2664 1142 2696 Vet.
1158 2667 1321 2704 erogatur.
1362 2664 1468 2701 Certe,
1484 2665 1538 2703 ᾅτ.
1555 2661 1618 2694 sed
1634 2667 1673 2695 et

194 2705 345 2750 erogatur
360 2708 411 2735 est
428 2704 462 2734 in
479 2713 602 2737 novem
618 2706 703 2737 Mss.
719 2706 779 2738 sed
797 2711 835 2738 ut
850 2713 922 2739 tres
938 2707 1106 2749 expleant
1122 2708 1186 2739 hoc
1206 2706 1327 2738 modo:
1354 2706 1536 2738 Felicitatis
1555 2706 1672 2747 cultus,

195 2752 269 2791 quia
283 2745 399 2786 majore
416 2769 424 2778 .
442 2770 449 2778 .
466 2771 474 2779 .
491 2753 652 2789 erogatur,
668 2753 752 2781 certe
767 2754 928 2791 suspectus
941 2754 1000 2783 est.
1045 2750 1229 2782 Torrenius
1247 2759 1314 2781 non
1328 2749 1400 2781 sine
1427 2750 1562 2782 ratione
1583 2759 1672 2791 prae-

195 2788 267 2818 tert
284 2787 467 2822 lectionem
483 2790 564 2824 edd.
581 2793 665 2825 Vet.
681 2798 718 2825 et
731 2793 842 2835 Mog.’
867 2794 976 2835 Kapp.
1022 2794 1108 2826 Mox
1124 2794 1152 2825 ci
1168 2792 1266 2826 deest
1282 2793 1317 2825 in
1333 2793 1503 2827 nonnullis
1512 2792 1619 2826 codd.
1635 2798 1671 2824 et
