1878 3132
608 199 720 232 cAP.
741 199 786 231 v.
820 197 887 229 ms
917 197 1169 230 JUS'rl'I'IA.
1537 185 1625 229 635

142 295 455 340 molitionibus
469 301 483 320 ¹
513 294 571 338 ad
592 295 895 351 principatum
916 293 1112 337 Graeciae
1133 291 1463 348 capessendum
1482 292 1623 335 nutri-

141 370 234 409 ret:
267 367 315 408 in
336 365 558 407 concione
586 363 716 414 dixit,
748 363 939 406 ‘habere
972 375 1022 404 se
1056 375 1146 404 rem
1186 362 1506 404 deliberatione
1538 373 1623 404 sua

128 435 387 491 provisam,
400 447 534 491 quam
555 434 595 477 si
615 433 794 476 fortuna
811 432 870 475 ad
884 431 1092 474 effectum
1109 430 1296 487 perduci
1318 444 1457 486 passa
1480 434 1619 483 esset,

134 503 249 546 nihil
269 504 418 559 majus
441 509 520 546 aut
539 502 773 559 potentius
795 500 1059 544 Atheniensi
1080 500 1253 556 populo
1274 500 1500 542 futurum:
1533 500 1617 542 sed

139 585 238 615 eum
260 572 430 627 vulgari
448 585 534 614 non
555 569 792 627 oportere?
834 569 1202 625 Postulavitque,
1224 571 1238 590 ‘
1251 572 1303 611 ut
1323 568 1490 623 aliquis
1512 568 1618 620 sibi,

138 641 216 683 cui
244 641 367 684 illam
398 641 535 683 tacite
567 643 828 696 exponeret,
861 638 1044 682 daretur
1059 637 1085 683 :’
1116 638 1249 681 datus
1282 642 1356 681 est
1377 636 1627 680 Aristides*

137 707 187 751 Is
207 713 452 764 postquam
490 707 756 763 cognovit,³⁸
793 708 989 750 classem
1021 707 1150 750 illum
1169 712 1204 741 ³⁹
1244 706 1619 750 Lacedaemonio-

134 789 244 829 rum,
266 791 370 833 quae
391 783 485 821 tota
515 777 639 833 apud
673 777 915 834 Gythaeum
931 781 969 809 4⁰
1009 777 1233 820 subducta
1260 781 1372 828 erat,
1409 777 1525 820 velle
1552 776 1619 818 in-

136 847 344 899 cendere,
377 851 426 890 ut
459 861 516 890 ea
545 852 788 890 consumta
818 847 1065 890 dominatio
1100 847 1238 889 maris
1269 847 1384 903 ipsis
1415 846 1617 889 cederet:

133 916 354 972 processit
373 916 431 959 ad
451 917 592 967 cives,
615 921 662 959 et
682 917 882 966 retulit,⁴¹
915 919 929 939 ‘
944 916 1294 959 Themistoclem
1315 922 1365 959 ut
1380 916 1489 959 utile
1509 928 1618 959 con-

134 984 301 1037 silium,
321 986 385 1028 ita
403 986 583 1027 minime
598 985 773 1041 justum
795 985 950 1028 animo
971 984 1181 1028 volvere?
1242 986 1280 1027 E
1304 986 1494 1041 vestigio
1514 986 1618 1028 uni-

131 1067 267 1098 versa
315 1055 476 1098 concio
523 1055 649 1111 quod
700 1068 882 1110 aequum
914 1068 1006 1098 non
1032 1055 1273 1108 videretur,
1304 1068 1359 1098 ne
1399 1055 1616 1110 expedire

131 1122 310 1178 quidem
346 1124 664 1179 proclamavit,
699 1137 756 1167 ac
795 1124 1002 1180 protinus
1036 1124 1391 1168 Themistoclem
1432 1125 1614 1181 incepto

132 1189 355 1234 desistere
371 1191 541 1247 jussit.†

186 1259 231 1303 3.
264 1259 390 1303 Nihil
403 1261 494 1303 illis
507 1262 644 1304 etiam
658 1261 851 1318 justitiae
868 1262 1091 1318 exemplis
1108 1263 1282 1306 fortius.
1329 1262 1615 1314 Zaleucus‚4²

128 1328 237 1371 urbe
272 1329 562 1373 Locrensium
597 1345 624 1374 a
644 1345 693 1374 se
714 1332 1022 1375 saluberrimis
1054 1338 1192 1388 atque
1219 1332 1475 1375 utilissimis
1502 1332 1613 1386 legi-

127 1397 214 1440 bus
251 1399 437 1450 munita‚
464 1413 568 1442 cum
598 1399 720 1442 filius
753 1401 850 1457 ejus
886 1401 1096 1444 adulterii
1136 1402 1318 1444 crimine
1356 1401 1611 1452 damnatus,

129 1467 377 1510 secundum
400 1469 479 1524 jus
501 1470 559 1512 ab
587 1470 689 1525 ipso
720 1470 1030 1522 constitutum,
1061 1476 1251 1526 utroque
1287 1471 1422 1514 oculo
1458 1482 1611 1513 carere

126 1533 322 1587 deberet,
345 1550 398 1578 ac
432 1540 530 1580 tota
554 1537 717 1581 civitas
751 1540 797 1581 in
817 1539 1029 1582 honorem
1051 1541 1197 1595 patris
1208 1545 1242 1572 4³
1285 1554 1434 1597 poenae
1455 1553 1611 1582 neces-

127 1604 314 1648 sitatem
351 1606 691 1650 adolescentulo
726 1609 988 1660 remitteret,
1008 1610 1289 1665 aliquamdiu
1329 1609 1610 1665 repugnavit.

123 1671 200 1716 Ad
231 1675 437 1718 ultimum
470 1678 683 1731 precibus
716 1679 879 1734 populi
899 1679 1132 1731 evictus,44
1161 1692 1245 1722 suo
1278 1679 1419 1735 prius,
1447 1677 1608 1721 deinde

121 1740 206 1784 filii
227 1743 361 1786 oculo
383 1749 521 1797 eruto,
542 1761 671 1789 usum
692 1748 871 1791 videndi
889 1749 1068 1804 utrique
1085 1749 1277 1805 reliquit.
1318 1748 1393 1791 Ita
1408 1748 1607 1790 debitum

122 1812 339 1868 supplicii
374 1815 556 1858 modum
591 1817 676 1871 legi
711 1817 918 1870 reddidit,
952 1819 1180 1874 aequitatis
1214 1817 1469 1862 admirabili
1492 1822 1606 1860 tem-

758 1929 920 1942 Μ
923 1930 984 1943 0ss

120 1995 176 2024 tur
201 1991 286 2024 illud
314 2002 500 2034 pronomen
527 2004 572 2027 se.
617 1995 753 2028 Deinde
781 1997 824 2028 ud
848 1996 996 2038 effectum
1017 1997 1151 2037 produci
1177 1996 1292 2028 Bitur.
1321 1998 1443 2028 1.-38
1469 1996 1602 2029 Decem

119 2034 219 2068 codd.
235 2036 380 2068 Tor-ren.
400 2047 476 2069 cum
494 2038 592 2080 Mog.
617 2041 898 2078 magunum—39
921 2041 978 2073 Sic
995 2040 1136 2081 Pighius
1163 2049 1241 2072 cum
1269 2039 1402 2082 aliquot
1430 2040 1514 2073 Mss.
1540 2041 1600 2083 qui

119 2078 247 2119 partim
271 2079 404 2112 habent
417 2081 545 2113 classem
560 2082 649 2114 inam
664 2093 740 2115 cum
759 2084 853 2124 Mog.
900 2084 1065 2116 Nonnulli
1081 2093 1158 2115 cum
1174 2083 1250 2116 aliis
1267 2083 1354 2116 edit.
1381 2093 1451 2116 eum
1472 2084 1602 2116 classem

117 2122 304 2155 ianm—40
328 2124 423 2155 Unus
439 2125 538 2157 Leid.
553 2125 696 2166 Sigeum.
722 2127 850 2169 Ultraj.
869 2128 969 2168 prim.
990 2128 1155 2159 Githeum.
1190 2126 1296 2169 Apud
1312 2127 1385 2159 Liv.
1404 2127 1445 2159 L.
1461 2136 1599 2161 xxxiv.

116 2167 170 2196 38.
189 2165 347 2207 Gythium
362 2167 501 2208 legitur.
544 2169 614 2201 Sed
643 2170 803 2202 similiter
827 2172 933 2203 etiam
959 2171 1052 2212 apud
1070 2171 1214 2204 Graecos
1238 2171 1340 2203 modo
1357 2169 1475 2211 Γύθιον,
1497 2171 1601 2203 modo

117 2210 240 2240 Γυθεῖον
262 2209 333 2242 dici
359 2210 590 2244 observarunt
616 2213 678 2245 viri
705 2214 811 2246 docti.
855 2214 946 2246 Vide
962 2214 997 2248 J.
1013 2214 1158 2246 Meursii
1182 2214 1286 2247 Misc.
1305 2214 1389 2246 Lac.
1406 2223 1461 2247 1v.
1476 2217 1595 2248 6.-41

116 2251 220 2284 Hauc
235 2253 506 2286 concinnitatem
524 2255 648 2295 Pighio
663 2256 840 2290 debemus.
870 2257 958 2290 Post
970 2258 1095 2289 Aldnm
1112 2257 1206 2290 enim
1218 2258 1421 2300 legebatur:
1444 2259 1598 2300 processit

114 2296 157 2327 ad
171 2296 254 2328 cives
266 2300 297 2328 et
309 2297 387 2338 ipsis
400 2298 521 2330 retulit.
565 2299 634 2332 Sed
650 2300 730 2341 ipsis
745 2301 913 2333 omittunt
928 2300 1102 2333 editiones
1126 2302 1184 2334 illo
1207 2302 1420 2344 antiquiores
1447 2307 1484 2333 et
1508 2302 1595 2335 Man.

114 2339 226 2371 Paulo
242 2346 320 2380 post
334 2350 396 2382 pro
411 2342 534 2383 incepto
548 2343 711 2384 desistere,
732 2344 828 2376 Med.
843 2353 915 2376 sec.
930 2345 969 2376 ab
992 2345 1114 2387 incepto
1136 2345 1385 2378 desisteres—42
1408 2345 1466 2377 Sic
1497 2351 1594 2378 recte

114 2381 210 2424 Meg.
227 2383 373 2416 Mediol.
390 2384 607 2418 Ascen.Ald.
622 2387 733 2420 Colin.
750 2393 786 2420 et
802 2388 962 2431 plerique
977 2389 1063 2421 Mss.
1076 2389 1164 2422 edit.
1176 2389 1265 2421 Ven.
1282 2389 1441 2421 Seleucus.
1456 2388 1595 2430 Gryph-

113 2429 150 2457 et
166 2425 389 2469 Rob.*Steph.
409 2428 570 2462 Zeleucus.
615 2430 717 2464 Quod
745 2436 885 2464 secutus
911 2437 966 2464 est
993 2433 1147 2473 Pighius,
1169 2433 1318 2465 mutavit
1345 2433 1591 2466 Colerus.-4³

111 2468 229 2502 Verba
243 2470 278 2502 in
293 2471 436 2503 honorem
445 2473 551 2514 patris
566 2473 693 2507 desunt
708 2474 743 2506 in
760 2475 947 2508 Ham—44
972 2475 1071 2509 Idem
1097 2475 1223 2518 codex,
1246 2476 1358 2509 victus.
1404 2476 1491 2508 Mox
1513 2485 1590 2518 sep-

776 2559 922 2593 NOTAE

151 2633 165 2650 ¹
201 2630 414 2664 czar-destinis
447 2634 680 2677 molitionibus]
724 2637 820 2670 Dum
875 2638 932 2670 De
946 2637 1096 2670 Zaleuco
1112 2637 1170 2670 lib.
1185 2645 1212 2669 ῐ.
1229 2646 1260 2669 c.
1277 2639 1308 2669 2.
1324 2646 1357 2668 n.
1369 2638 1403 2668 4.

108 2680 184 2724 ipse
201 2682 482 2717 Lacedaemonios
508 2686 645 2728 legatus
671 2687 818 2730 deludit,
916 2693 931 2723 t
954 2690 1021 2723 An.
1037 2690 1089 2723 M.
1105 2692 1201 2722 3577.
1234 2688 1292 2722 ΟΙ.
1309 2691 1364 2722 75.
1381 2691 1414 2721 4.
1446 2687 1531 2722 Urb.
1547 2689 1587 2723 C.

110 2733 283 2773 persuasit
313 2734 382 2766 suis
413 2741 449 2768 ut
476 2741 513 2769 et
539 2738 660 2771 urbem
694 2743 732 2771 et
760 2740 818 2772 Pi·
872 2744 950 2774 276.
972 2739 1057 2773 Aut.
1073 2740 1136 2773 Ch.
1154 2742 1230 2773 4⁷6.

109 2792 213 2816 raeum
236 2794 332 2818 muro
351 2786 545 2829 cingerent.
589 2789 646 2823 Ita
661 2790 817 2834 Thucyd.
