1878 3132
523 198 630 232 cAP.
653 196 720 230 iv.
751 198 817 231 na
849 189 1288 251 srnmsscssmt'ris.
1557 189 1647 233 705

169 302 216 343 et
233 301 374 343 totam
413 296 702 342 Celtiberiam
729 308 873 340 errore
899 294 1170 351 implicavit,
1199 299 1306 338 ‘cum
1340 293 1432 338 alio
1466 307 1648 339 cursum

168 369 424 422 direxisset,
445 368 594 411 subito
614 366 672 410 ad
705 365 991 409 Contrebiam
1004 363 1039 396 ³⁶
1077 363 1266 415 reflexit,
1297 376 1485 419 eamque
1503 365 1649 422 inopi-

170 443 321 482 natam
353 442 399 482 et
436 436 674 481 attonitam
709 435 950 491 oppressit.
1009 433 1130 489 Ergo
1167 433 1256 476 nisi
1290 438 1483 476 mentem
1519 447 1648 478 suam

168 507 300 551 dolos
319 506 510 550 scrutari
532 504 773 560 coegisset,
808 504 867 548 ad
902 503 1110 547 ultimam
1140 503 1184 546 ei
1219 506 1488 547 senectutem
1524 503 1648 559 apud

168 576 338 620 moenia
354 574 603 619 Contrebiae
625 577 795 616 armato
816 572 1062 616 sedendum
1082 573 1228 617 foret.†

777 702 1039 734 EXTERNA.

228 783 272 826 1.
303 781 583 838 Agathocles
597 786 661 815 ³⁷⁰
691 786 855 834 autem,
887 782 1275 839 Syracusanorum
1294 795 1390 834 rex,
1417 781 1651 825 audaciter

170 853 381 898 callidus.
442 853 557 896 Cum
589 852 709 895 enim
742 852 896 895 urbem
921 851 1017 908 ejus
1033 857 1051 884 Ρ
1079 851 1252 909 majore
1287 865 1346 895 ex
1381 855 1508 908 parte
1540 850 1651 894 Car-

167 923 472 979 thaginienses
494 926 816 979 occupassent,
832 922 1079 965 exercitum
1100 935 1230 965 suum
1252 922 1299 964 in
1328 920 1530 965 Africam
1561 925 1651 964 tra·

163 991 303 1049 jecit3
345 996 394 1036 ut
424 995 592 1034 metum
624 994 760 1043 metu,
782 991 874 1034 vim
902 991 949 1034 vi
978 991 1243 1035 discuteret:
1285 1004 1429 1047 neque
1460 991 1556 1034 sine
1588 991 1652 1034 ef-

169 1061 345 1105 fectu.³⁸
418 1060 542 1105 Nam
591 1061 824 1117 repentino
874 1059 974 1116 ejus
1015 1060 1210 1104 adventu
1246 1060 1442 1117 perculsi
1481 1060 1654 1114 Poeni,‘¹

169 1130 362 1174 libenter
399 1130 751 1174 incolumitatem
783 1142 913 1173 suam
948 1129 1095 1173 salute
1125 1130 1324 1173 hostium
1353 1130 1651 1182 redemerunt,

170 1200 386 1256 pactique
427 1205 532 1244 sunt
545 1205 579 1234 ³⁹
627 1203 676 1243 ut
708 1198 867 1242 eodem
903 1203 1100 1255 tempore
1132 1204 1177 1243 et
1206 1198 1366 1243 Africa
1398 1199 1578 1252 Siculis,
1611 1202 1655 1242 et

174 1268 341 1312 Sicilia·
351 1268 541 1313 Punicis
560 1270 696 1313 armis
712 1275 726 1293 ¹
755 1269 1052 1312 liberaretur.‡
1096 1268 1195 1325 Age
1216 1270 1255 1313 si
1277 1269 1606 1326 Syracusarum
1617 1273 1654 1300 40

171 1338 340 1382 moenia
359 1339 472 1382 tueri
494 1343 847 1394 perseverasset,
867 1339 949 1382 illa
966 1339 1076 1383 belli
1096 1339 1228 1382 malis
1254 1343 1543 1394 urgerentur:
1572 1339 1654 1381 bo-

171 1420 232 1451 na
250 1408 381 1464 pacis
402 1408 587 1451 fruenda
619 1421 791 1451 securae
828 1408 1087 1464 Carthagini
1107 1409 1371 1465 reliquisset.
1431 1408 1569 1452 Nunc
1589 1408 1654 1450 in-

213 1546 227 1563 ⁰
242 1542 305 1576 lua
318 1544 432 1577 moem'o
446 1544 519 1578 belli
533 1545 736 1578 incommodis
747 1548 977 1586 premerentur.

793 1648 813 1660 0

1015 1648 1033 1660 O

173 1728 205 1758 et
223 1725 398 1757 exercitum
412 1734 502 1758 suum
514 1725 691 1768 implicavit
702 1725 889 1767 ignorantia
901 1723 993 1757 veri!
1015 1725 1252 1767 'fortene-36
1274 1725 1392 1758 Etiam
1407 1725 1461 1758 hic
1474 1726 1561 1758 Mss.
1582 1727 1656 1759 Tre-

173 1768 270 1809 biam,
282 1774 318 1802 et
336 1768 460 1801 Trebioe
474 1769 578 1810 longe
594 1769 743 1802 maximo
758 1778 914 1802 numero.
959 1768 1031 1801 Pro
1045 1769 1218 1802 direxisset
1246 1769 1342 1802 Leid.
1366 1769 1476 1813 quint.
1490 1770 1656 1811 dirigeret.

172 1812 220 1845 Et
233 1811 402 1845 attonitam
417 1812 512 1845 delet
527 1813 744 1855 copem—37
768 1813 777 1830 ‘
792 1812 919 1854 Inepte
936 1813 1109 1854 repetitur
1133 1813 1190 1845 hic
1205 1822 1328 1845 nomeu
1344 1813 1546 1855 Agathoclis,
1562 1814 1655 1856 quod

173 1865 219 1889 ex
233 1855 376 1889 dictatis
393 1856 621 1899 ludimagistri
638 1857 805 1889 insertum
822 1866 936 1888 veram
954 1855 1141 1889 lectionem
1157 1857 1307 1889 vitiavit.
1352 1857 1475 1889 Placet
1489 1857 1595 1898 igitur
1606 1867 1659 1898 ea,

174 1909 251 1942 quae
264 1900 365 1932 estin
376 1899 618 1940 Atrebateusi,
629 1900 887 1940 Gembhcensi,
899 1904 936 1932 et
947 1899 1164 1942 Caucbiano,
1176 1900 1249 1941 Age
1260 1901 1289 1932 si
1303 1899 1533 1944 Syracusarum
1543 1902 1659 1934 moenia

173 1943 258 1976 tueri
267 1947 507 1986 perseverasset.
554 1944 663 1987 Cujus
685 1944 770 1976 item
786 1948 969 1976 remanent
985 1943 1112 1976 indicia
1128 1943 1161 1976 in
1179 1944 1420 1977 Winckeliano
1437 1950 1473 1977 et
1485 1946 1656 1987 Campen-

175 1986 228 2018 εἰ]
251 1987 350 2028 Pigh.
393 1987 585 2029 Agathocles
601 1988 701 2020 abest
717 1988 822 2020 etiam
839 1987 884 2019 ab
903 1997 972 2020 uno
987 1987 1121 2021 Brand.
1165 1988 1250 2020 Mox
1273 1988 1430 2020 nonnulli
1453 1988 1555 2021 codd.
1572 1989 1658 2022 Tor-

175 2039 250 2062 ren.
276 2032 524 2064 audacem-38
547 2032 590 2064 Iu
617 2030 822 2074 quibusdam
850 2030 952 2064 codd.
980 2030 1051 2063 ita:
1076 2035 1163 2063 metu
1186 2035 1315 2070 metum,
1340 2032 1373 2064 vi
1398 2033 1487 2070 vim,·
1509 2042 1565 2064 nec
1588 2033 1658 2066 sine

178 2073 397 2116 effecum—39
419 2075 550 2108 Medic.
568 2078 597 2108 l.
612 2078 645 2108 2.
658 2076 760 2108 salute
772 2075 804 2107 h.
820 2075 920 2107 tutati
933 2078 1008 2108 sunt
1022 2075 1269 2117 ,κρᾶμα-40
1285 2075 1477 2117 Agathocles
1491 2085 1550 2118 nge
1561 2075 1595 2109 S.
1613 2086 1659 2109 m.

839 2168 984 2203 NOTAE

220 2250 235 2280 †
254 2244 319 2278 An.
332 2246 384 2279 M.
400 2248 500 2279 3912.
523 2246 581 2279 Ol.
599 2249 675 2280 159.
691 2249 723 2279 3.
748 2246 834 2280 Urb.
847 2247 887 2278 C.
944 2245 1177 2289 Agathocles;
1198 2247 1325 2280 multas
1345 2247 1443 2290 cepit
1457 2247 1575 2290 urbes,
1597 2248 1658 2281 du-

176 2299 253 2330 611.
278 2296 362 2331 Ant.
376 2298 438 2332 Cb.
454 2301 531 2332 141.
944 2308 1050 2342 asque
1066 2298 1110 2331 de
1126 2299 1245 2332 Poenis
1259 2298 1424 2333 victorias
1439 2299 1586 2340 retulit;
1610 2300 1659 2332 al-

219 2352 235 2368 ⁰
256 2348 462 2391 Agathocles]
486 2349 635 2382 Carcino
661 2350 782 2392 Figulo
808 2359 888 2392 pro·
943 2354 1053 2383 teram
1070 2349 1115 2383 de
1131 2350 1319 2392 Hannone,
1342 2350 1387 2383 de
1402 2351 1598 2383 Bomilcare
1612 2351 1659 2383 al-

177 2403 314 2442 gnatus,
326 2400 386 2443 qui
402 2401 559 2433 collectis
571 2401 728 2434 omnibu·
742 2411 805 2444 per
817 2402 888 2434 Ita·
944 2405 1068 2435 teram.

176 2451 259 2484 liam
294 2450 451 2495 profugis
482 2452 671 2495 Syracusas
704 2453 890 2495 ingressus,
988 2457 1001 2474 ¹
1026 2454 1142 2486 Sicilia
1168 2454 1303 2487 Punicis
1327 2454 1438 2495 annis,
1461 2453 1532 2496 δῖα]
1571 2454 1660 2487 Post

179 2504 408 2536 nobilissimos
425 2514 577 2547 quosque
590 2503 734 2545 occidit,
746 2503 891 2546 diripuit
945 2505 1072 2538 multas
1089 2511 1126 2539 et
1150 2506 1264 2539 illatas
1289 2510 1326 2539 et
1351 2512 1515 2548 acceptas
1530 2505 1659 2547 clades,

180 2555 313 2598 urbem,
329 2555 466 2599 sibique
482 2556 725 2599 Principatum
740 2556 890 2589 vindica·
946 2557 1088 2590 deserto
1103 2558 1263 2590 exercitu
1289 2557 1324 2589 in
1350 2557 1503 2590 Siciliam
1518 2555 1663 2600 refugit,

181 2606 245 2639 vit.
946 2609 1180 2652 ibiquepace
1210 2617 1288 2641 cum
1314 2608 1433 2640 Poenis
1458 2608 1664 2651 composita,

227 2662 243 2684 Ρ
263 2658 378 2691 Urbem
388 2659 470 2702 eius]
490 2660 546 2693 Ab
558 2661 756 2694 Hamilcare
769 2661 892 2694 Gisco-
947 2665 1022 2693 tota
1038 2659 1112 2692 fere
1125 2659 1245 2692 Sicilia
1264 2660 1396 2702 potitus
1411 2664 1475 2692 est.
1503 2660 1661 2694 Narrant

184 2709 237 2741 nis
259 2708 329 2741 filio
354 2710 486 2743 dnobus
509 2712 640 2754 praeliis
656 2713 770 2746 victus
792 2714 893 2755 Syra·
948 2713 1023 2746 baec
1039 2712 1195 2754 pluribus
1210 2711 1388 2744 Diodorus
1404 2716 1441 2744 et
1453 2711 1476 2746 J
1482 2712 1627 2745 ustinus.

184 2760 275 2792 cusis
292 2759 526 2794 obsidebatur.
994 2768 1007 2801 ζ
1027 2763 1093 2795 An.
1107 2762 1159 2796 M.
1175 2764 1273 2795 3⁷56.
1299 2761 1357 2796 01.
1375 2765 1449 2796 120.
1464 2765 1497 2796 3.
1521 2762 1603 2796 Urb.
1619 2763 1659 2797 C.

227 2817 242 2838 (ι
279 2811 422 2843 Perculsi
449 2812 558 2854 Poeni]
603 2814 714 2856 Agros
744 2816 894 2848 vastavit
950 2818 1026 2848 456.
1050 2815 1131 2847 Ant.
1150 2814 1211 2848 Ch.
1222 2816 1298 2847 296.

271 2865 389 2908 Delph.
399 2870 431 2899 et
446 2867 525 2900 Vur.
540 2867 625 2900 Clas.
834 2869 904 2902 Vnt.
917 2870 1013 2903 Max.
1497 2871 1518 2900 2
1542 2870 1574 2901 Y
