1878 3132
224 218 322 250 mn.
347 218 390 249 v.
417 217 525 249 CAP.
550 217 583 247 1.
616 216 682 248 nu
715 213 1064 247 HUMANl'rATE
1100 213 1161 244 m*
1194 213 1507 246 onnuuu‘rm.
1566 204 1655 248 499

160 316 360 359 maxime
382 315 564 371 probes,
586 313 685 370 ejus
706 316 858 355 tamen
878 309 1210 354 commendatio
1239 323 1509 365 praecurrere
1529 312 1653 355 vide-

162 390 250 438 tur,
271 385 344 428 eui
363 395 528 426 nomen
549 395 612 425 ex
631 382 736 437 ipso
757 380 968 423 numine³
1003 379 1241 435 quaesitum
1262 379 1364 421 est!

217 455 263 497 1.
295 453 415 496 Ante
452 452 606 496 omnia
646 453 829 493 autem4
856 449 1185 492 humanissima
1216 450 1262 490 et
1299 440 1652 493 dementissima

160 525 344 565 senatus
373 526 478 565 acta
506 520 709 563 referam.
773 518 881 572 Qui,
903 532 1008 562 cum
1042 517 1478 572 Carthaginiensium
1511 518 1652 573 legati

162 590 222 635 ad
241 591 452 646 captivos
471 589 760 633 redimendos
774 594 791 612 ¹¹
821 588 866 631 in
888 588 1058 631 Urbem
1079 587 1322 638 venissent,
1342 587 1550 642 protinus
1568 588 1654 640 his,

158 658 288 703 nulla
317 659 515 715 pecunia
546 663 743 714 accepta,
781 657 980 701 reddidit
1004 659 1214 714 Juvenes,
1244 668 1477 699 numerum
1513 655 1652 700 duum

132 727 352 773 .millium
389 732 435 771 et
469 729 852 783 septingentorum
888 728 1188 784 quadraginta
1223 726 1355 768 trium
1394 724 1652 780 explentes,

160 795 361 840 Verum⁵
393 799 566 840 tantum
595 796 796 839 hostium
827 797 1077 840 exercitum
1101 795 1356 843 dimissum,
1376 797 1548 836 tantam
1576 807 1658 848 pe-v

162 866 340 911 cuniam
374 867 662 916 contemtam‚
696 869 769 907 tot
804 863 1023 907 Punicis⁶
1052 863 1230 919 injuriis
1266 862 1445 906 veniam
1483 861 1651 913 datam,

160 933 290 988 ipsos
310 933 490 988 legatos
525 933 814 988 obstupuisse
837 933 1039 983 arbitror,
1073 945 1128 974 ac
1162 944 1314 974 secum
1347 930 1545 973 dixisse:
1576 933 1590 952 ‘
1610 929 1650 972 Ο

159 999 508 1044 munificentiam
528 1001 670 1055 gentis
692 1000 927 1051 Romanae,
951 1000 1152 1042 Deorum
1179 999 1448 1054 benignitati
1467 1011 1652 1054 aequan-

161 1069 289 1113 dam!
321 1068 362 1111 Ο
383 1069 516 1111 etiam
537 1073 732 1112 nostram
755 1069 1025 1124 legationem
1047 1081 1183 1123 supra
1197 1071 1301 1110 vota
1320 1067 1523 1109 felicem!
1543 1080 1649 1109 nam

161 1138 284 1194 quod
316 1137 584 1181 beneficium
618 1151 847 1193 nunquam
882 1137 1200 1187 dedissemus‚⁷
1236 1135 1527 1191 accepimus?
1588 1136 1650 1178 Il-

160 1207 241 1252 lud
259 1219 443 1263 quoque
462 1220 549 1250 non
574 1219 765 1262 parvum
796 1206 1088 1249 humanitatis
1109 1208 1292 1247 senatus
1324 1204 1538 1248 indicium
1562 1208 1648 1247 est.

162 1274 450 1332 Syphacemb
479 1276 596 1318 enim
628 1276 852 1331 quondam
888 1274 1279 1331 opulentissimum
1316 1273 1548 1316 Numidiae
1582 1287 1650 1315 re-

155 1422 423 1507 Ραῖέλ-ὁεναὶξξαε
434 1427 539 1457 tamen
563 1423 668 1465 magis
680 1424 925 1456 commendanda
939 1423 1078 1464 videtur,
1095 1432 1165 1464 quoe
1181 1431 1291 1454 nomen
1303 1420 1343 1454 ab
1363 1420 1430 1463 ipso
1448 1420 1520 1452 Deo
1534 1418 1649 1451 Libero

264 1476 370 1500 :nvem
389 1491 399 1500 .

782 1528 1028 1542 WM‘O

161 1603 260 1636 Laid.
275 1606 308 1637 7.
332 1614 411 1638 am.
434 1607 551 1647 plu—3
573 1603 727 1645 ‘Inepta
755 1602 888 1642 lectio;
919 1603 1013 1644 lege,
1045 1612 1086 1634 ex
1112 1603 1180 1644 ipso
1210 1601 1336 1634 homine
1349 1613 1363 1641 ;
1398 1610 1526 1634 nomen
1553 1600 1645 1632 enim

160 1646 386 1680 humanitatis
401 1653 456 1680 est
483 1647 528 1680 ab
555 1646 716 1679 homine.'
748 1647 808 1678 Ita
823 1647 978 1679 Colerns.
1022 1646 1124 1678 Hanc
1139 1646 1323 1678 lectionem
1342 1645 1449 1678 etiam
1472 1645 1508 1676 in
1536 1654 1653 1686 marg.

160 1690 296 1723 notavit
312 1691 470 1734 Pighius,
485 1691 635 1733 improb.
650 1691 771 1722 Vorst.
794 1690 942 1722 Torren.
959 1692 997 1721 et
1012 1689 1129 1731 Kapp.
1175 1688 1274 1721 Leid.
1287 1692 1319 1721 7.
1332 1689 1474 1726 numine,
1488 1691 1524 1719 et
1541 1697 1647 1728 super

159 1734 348 1767 secundam
372 1735 508 1768 literam
533 1734 812 1776 superscriptum
836 1733 985 1765 habeto.
1032 1731 1164 1765 Brand.
1183 1735 1213 1764 l.
1232 1735 1265 1764 2.
1291 1736 1328 1764 et
1349 1741 1468 1764 omnes
1495 1731 1647 1763 Torren.

156 1777 241 1811 lect.
254 1782 407 1811 nostram
423 1784 575 1811 servant.
593 1777 780 1810 Nonnullae
796 1775 878 1809 edd.
894 1775 1059 1808 exhibent
1073 1777 1163 1817 cnjus
1173 1786 1283 1808 nomen
1298 1786 1339 1808 ex
1358 1775 1424 1817 ipso
1439 1775 1579 1814 numine,
1590 1775 1648 1815 &⁶-

160 1824 227 1854 -4
249 1820 338 1854 Ante
350 1823 455 1854 omnia
469 1825 574 1854 tamen
589 1822 730 1853 venett.
747 1819 856 1852 Aldd.
884 1819 1020 1862 Gryph.
1036 1820 1148 1851 Colin.
1177 1823 1214 1851 et
1226 1819 1349 1861 Steph.
1364 1817 1457 1861 quod
1475 1821 1647 1860 respuunt

160 1864 264 1898 codd.
285 1864 373 1897 Ante
386 1865 491 1897 omnia
505 1865 732 1896 humaniuima
750 1864 784 1896 in
810 1863 938 1904 Copes.
974 1864 1058 1894 Ante
1078 1863 1183 1895 omnia
1198 1862 1283 1895 inter·
1298 1867 1371 1895 tres
1387 1863 1536 1894 Torreu.
1554 1861 1646 1903 quod

161 1916 207 1939 ex
221 1908 350 1940 interim
374 1913 488 1940 ortum
518 1907 615 1940 credi
644 1911 776 1949 posset.
822 1906 942 1939 ceteri
972 1915 1091 1938 omnes
1117 1909 1298 1938 autem—5
1323 1906 1405 1938 ‘Sic
1434 1905 1576 1946 Pighius
1602 1914 1647 1936 ex

161 1949 282 1984 Coton.
301 1955 338 1983 et
354 1951 477 1994 Camp.
493 1955 631 1984 textum
656 1950 863 1990 constituit3
886 1954 924 1982 et
941 1950 990 1981 ita
1006 1959 1147 1991 quoque
1169 1949 1300 1980 habent
1316 1949 1432 1981 Periz.
1450 1953 1486 1980 et
1512 1947 1647 1979 Brand.

159 2003 262 2026 unua.
312 1993 407 2027 Ante
434 1994 594 2035 Pighium
622 1994 656 2026 in
686 1993 898 2026 editionibus
930 1992 1078 2034 vulgatis
1105 1992 1292 2034 legebatur
1319 1994 1492 2033 explentes,
1516 1990 1646 2022 omisso

167 2036 295 2078 Verum,
311 2047 342 2070 e.
361 2047 394 2079 g.
411 2038 445 2069 in
462 2038 559 2079 Lips.
577 2040 607 2070 1.
620 2039 654 2070 2.
681 2037 793 2079 Lugd.
820 2041 858 2069 et
882 2036 932 2068 sic
957 2036 1062 2068 estin
1080 2036 1151 2068 Bit.
1169 2035 1271 2077 prim.
1287 2040 1391 2078 atque
1414 2035 1511 2067 libris
1527 2034 1648 2075 Pighi-

163 2080 251 2113 ania.
295 2079 364 2113 Ast
379 2080 506 2114 Atreb.
522 2090 580 2112 un.
593 2080 726 2112 Brand.
752 2079 878 2122 Copes.
895 2079 988 2112 Ultr.
1017 2079 1117 2120 prim.
1135 2084 1172 2112 et
1187 2084 1268 2111 octo
1289 2079 1347 2111 alii
1374 2079 1460 2111 Mss.
1489 2078 1644 2119 itemque

162 2123 262 2166 Mog.
279 2128 316 2156 et
337 2125 418 2157 Vet.
433 2124 563 2157 habent
577 2123 811 2166 expletissimos
836 2133 953 2155 rerum.
1001 2123 1137 2155 Tantum
1152 2122 1302 2163 hostium,
1316 2123 1371 2163 &m
1400 2122 1525 2163 Neque
1541 2121 1644 2152 aliam

161 2165 331 2208 originem
355 2168 462 2200 habet
487 2166 586 2200 Med.
613 2177 682 2200 sec.
696 2166 964 2209 splendidissimos
977 2175 1096 2206 rerum,
1121 2170 1158 2198 et
1175 2166 1273 2198 Leid.
1289 2170 1377 2207 sept.
1391 2164 1648 2206 locupletissimos

160 2219 279 2249 rerum,
293 2211 384 2253 quod
411 2215 595 2253 utrumque
623 2220 666 2242 ex
682 2210 975 2252 interpretatione
990 2210 1048 2241 τοῦ
1065 2209 1296 2250 expletiseimos
1309 2219 1416 2241 rerum
1443 2213 1510 2241 est.
1554 2207 1646 2239 Mihi

160 2253 393 2295 expletisst'mos
407 2264 512 2287 rerum
539 2254 639 2286 unice
663 2263 783 2285 verum
810 2263 886 2285 esse
903 2252 1062 2292 videtur-3
1088 2253 1249 2285 Valerius
1274 2253 1365 2284 enim
1382 2253 1472 2290 vult,
1497 2252 1647 2293 juvenes

162 2296 262 2336 istos,
276 2299 362 2330 2743
379 2307 507 2330 numero
523 2297 588 2340 (sie
604 2297 696 2329 enim
711 2297 838 2338 Copes.
862 2299 899 2328 et
914 2296 973 2328 alii
996 2296 1150 2339 quinque
1167 2297 1254 2329 Mss.
1282 2296 1435 2338 itemque
1461 2295 1546 2326 Vet.
1563 2303 1645 2333 non,

163 2344 203 2372 ut
219 2340 289 2380 alii,
301 2351 477 2380 numerum,
490 2341 562 2373 sive
578 2345 617 2373 ut
632 2350 719 2372 unus
736 2340 844 2373 Barb.
860 2341 902 2372 ad
916 2339 1097 2382 numerum)
1113 2349 1331 2383 nequaquam
1345 2339 1510 2381 spoliatos
1527 2336 1648 2375 fuisse,

162 2382 225 2416 sed
243 2384 346 2416 rebus
363 2384 569 2417 necessariis
586 2384 885 2424 instructissimos,
913 2387 949 2415 et
977 2383 1021 2416 ad
1037 2383 1282 2416 abundantiam
1309 2388 1483 2415 saturatos
1500 2380 1648 2413 Cartha-

162 2426 377 2468 giniensibus
394 2427 547 2460 redditos
571 2427 690 2459 fuisse.
748 2426 979 2459 Consentiunt
1003 2435 1136 2459 mecum
1164 2426 1369 2459 Perizonius
1386 2430 1422 2458 et
1437 2421 1648 2456 Torrenius)

162 2471 339 2511 Kapp.-6
362 2471 470 2504 Barb.
492 2473 525 2503 1.
548 2475 584 2504 et
610 2470 742 2504 Medic.
755 2473 788 2503 2.
816 2473 848 2502 et
863 2473 911 2502 tot
936 2469 1083 2502 Punicis.
1130 2470 1218 2502 Mox
1243 2479 1305 2511 pro
1331 2468 1527 2509 obstupuisse
1554 2467 1646 2497 Dan.

162 2513 425 2555 obstipuisse—'1
449 2515 611 2558 Quinque
639 2514 741 2547 codd.
771 2514 917 2546 'rm-reu.
941 2514 1208 2555 pelicanum—8
1231 2513 1354 2546 Leidd.
1378 2515 1409 2544 1.
1433 2514 1466 2544 4.
1494 2508 1647 2547 Tiburti,-

757 2661 762 2666 .
830 2613 975 2647 NOTAE

207 2705 223 2723 ⁸
237 2701 288 2734 Ad
303 2701 443 2743 captivos
453 2701 663 2743 redimendos]
686 2701 758 2733 Sub
769 2700 873 2734 finem
928 2701 992 2734 bus
1008 2711 1169 2734 concessa
1183 2704 1250 2732 est.

162 2751 245 2785 belli
260 2753 387 2785 Punici
400 2753 590 2786 seeundiid
601 2753 772 2795 contigit3
796 2763 874 2785 cum
972 2752 987 2774 ὓ
1002 2751 1192 2795 Syphacem]
1227 2749 1297 2783 Qui
1313 2749 1426 2781 victus
1442 2757 1558 2782 amore
1583 2747 1642 2780 So-

165 2803 257 2837 vieto
274 2804 470 2837 Hannibale
493 2816 561 2847 pax
585 2806 876 2847 Carthaginiensi·
930 2803 1117 2846 plionisbae,
1128 2801 1241 2835 foedus
1251 2810 1330 2834 cum
1343 2800 1506 2833 Romanis
1518 2799 1644 2833 initum
