1878 3132
403 185 514 218 cst.
537 185 626 218 vu.
660 185 724 216 DE
754 184 940 218 s'rumo
974 186 1035 217 ΒΤ
1068 185 1367 220 ιΝυυεΤκιΑ.
1528 176 1616 220 ’773

145 283 301 339 spatii,
327 282 570 340 Chrysippi
597 284 820 328 vivacitas
848 283 1026 326 flexitt³
1059 296 1160 326 nam
1193 285 1470 340 octogesimo
1499 297 1616 328 anno

145 356 364 408 coeptum,
386 353 896 409 undequadragesimum
927 356 1090 410 λογικῶν
1121 355 1422 399 exactissimae
1442 355 1618 398 subtili-

146 422 256 465 tatis
276 423 484 466 volumen
503 423 733 478 reliquit.⁵³
774 423 921 480 Cujus
943 424 1140 467 studium
1157 423 1200 466 in
1213 423 1440 467 tradendis
1454 424 1618 479 ingenii

147 491 219 534 sui
237 492 536 535 monumentis
557 495 728 536 tantum
751 507 905 549 operae
922 493 1178 549 laborisque
1196 493 1457 546 sustinuit‚’⁸
1487 499 1540 537 ut
1560 493 1620 536 ad

148 573 218 612 ea,
257 574 361 616 quae
400 559 615 617 scripsit,¹
662 563 844 617 penitus
889 562 1202 618 cognoscenda
1238 562 1373 617 longa
1419 563 1513 606 vita
1558 565 1621 606 sit

147 634 302 686 opus!

207 701 278 743 ll.
307 699 376 744 To
396 714 595 757 quoque,
616 700 872 754 Cleanthe,“¹
911 707 1004 745 tam
1031 702 1257 744 laboriose
1275 701 1561 751 haurientem,
1581 702 1624 742 et

147 771 238 812 tam
260 770 544 826 pertinaciter
565 771 812 815 tradentem
829 773 1111 828 sapientiam,
1126 784 1288 814 numen
1308 771 1453 826 ipsius
1473 769 1624 812 indus-

149 839 246 882 triae
263 841 492 896 suspexit,
506 854 609 884 cum
625 841 957 884 adolescentem
971 846 1149 898 quaestu
1167 839 1458 884 extrahendae
1475 843 1626 895 aquae¹²

149 913 364 952 nocturno
415 915 618 966 tempore
666 911 871 967 inopiam
908 916 1035 954 tuam
1073 914 1416 961 sustentantem,
1463 908 1624 951 diurno

151 975 395 1034 Chrysippi
411 980 660 1035 praeceptis
677 981 980 1036 percipiendis
997 985 1248 1031 vacantem,
1271 979 1550 1033 eundemque
1567 975 1627 1019 ad

151 1046 565 1092 undecentesimum
581 1053 618 1080 ⁵4
651 1063 810 1093 annum
841 1054 1010 1094 attenta
1027 1064 1134 1094 cura
1154 1050 1430 1094 erudientem
1451 1046 1628 1090 audito-

151 1128 225 1157 res
239 1120 358 1167 tuos‚
373 1117 560 1160 videret.
621 1118 809 1174 Duplici
838 1120 955 1163 enim
986 1120 1142 1163 labore
1161 1119 1293 1162 unius
1313 1116 1470 1160 saeculi
1487 1115 1629 1172 spati-

152 1197 230 1228 um
247 1187 502 1243 occupasti,
521 1189 738 1231 incertum
759 1189 1002 1242 reddendo,
1019 1188 1328 1245 discipulusne
1350 1200 1405 1229 an
1425 1197 1627 1243 praecep-

155 1258 228 1297 tor
247 1268 373 1299 esses
387 1256 688 1300 laudabilior.†

178 1410 186 1418 ·
200 1365 314 1418 “Dicet
338 1368 406 1402 vita
423 1369 596 1413 Chrysippi
617 1370 740 1404 brevior
753 1370 872 1413 suerit,
894 1378 987 1413 quam
1010 1370 1175 1412 Isocratis,
1193 1370 1343 1403 diuturno
1369 1373 1474 1402 tamen
1496 1371 1633 1410 tempore

153 1415 306 1492 ωῗιὸιι·
318 1459 409 1488 emo
424 1457 540 1497 mio,
555 1461 702 1500 tantoque
716 1458 820 1491 abore
834 1458 977 1492 incubuit
999 1442 1092 1491 aava
1113 1458 1296 1500 amanda,
1310 1467 1380 1499 qua
1394 1457 1496 1500 ipsius
1509 1455 1634 1497 ingenii

155 1500 478 1539 mummtasutum
490 1506 594 1535 εναηι.

767 1567 806 1580 θ’

158 1634 200 1663 53
225 1635 233 1649 ‘
246 1631 348 1665 Quod
376 1631 487 1666 Aldus
511 1634 622 1670 edidit
636 1636 705 1668 sic:
730 1638 862 1678 coeptum
876 1639 950 1668 ante
964 1634 1237 1677 quadragesimum
1252 1634 1388 1674 λογικῶν
1402 1632 1544 1664 volumen
1559 1630 1635 1681 reli:

157 1674 288 1716 quitstb
302 1677 576 1718 quadragesimum
591 1688 658 1711 non
676 1679 719 1711 ad
736 1689 915 1712 nnmerum
929 1679 1021 1716 libri,
1038 1680 1099 1711 sed
1116 1678 1158 1709 ad
1175 1687 1300 1709 annum
1313 1675 1428 1709 aetalis
1447 1675 1634 1717 Chrysippi

159 1719 325 1759 pertinet.
370 1720 470 1754 Quod
489 1722 628 1764 quidem
644 1727 681 1755 et
696 1723 896 1756 concinnius
913 1723 1064 1756 videtur.
1093 1722 1162 1754 Sed
1180 1730 1243 1763 pro
1258 1724 1332 1753 ante
1357 1719 1637 1762 quadragesimum

158 1767 276 1795 tamen
293 1763 475 1805 legendum
491 1772 575 1807 puto
590 1776 657 1798 non
677 1768 1047 1809 undequadragesimum,
1063 1772 1101 1798 ut
1117 1765 1263 1807 Pighius
1279 1765 1430 1804 volebat,
1452 1763 1513 1794 sed
1537 1762 1635 1794 unde-

159 1807 409 1847 quadragesimo.
431 1808 479 1841 Et
494 1809 538 1842 ad
551 1810 641 1843 hunc
657 1810 795 1843 modum
812 1812 846 1843 in
860 1820 926 1843 uno
942 1810 1075 1843 Brund.
1089 1807 1272 1842 manifeste
1287 1808 1477 1850 scriptum:
1501 1809 1638 1847 caeptum

159 1850 410 1893 Wdrssgw'fflo,
438 1855 576 1893 λογικῶν
598 1854 740 1887 volumen
768 1854 921 1897 reliquit!
953 1855 1070 1887 Vorst.
1091 1857 1223 1895 coepwm
1253 1853 1334 1884 unde
1362 1852 1638 1899 quadragesimum

161 1896 298 1934 ληικῦν
317 1895 528 1929 exactissime
540 1897 734 1930 subtilitatis
748 1898 876 1941 reliquit
892 1898 925 1930 in
942 1898 1070 1941 Copes.
1088 1903 1125 1930 et
1151 1897 1236 1929 Par.
1260 1899 1291 1928 3.
1307 1899 1381 1928 ante
1395 1895 1637 1937 quadragenum

162 1936 259 1970 Harl.
275 1938 388 1972 Bitnr.
406 1942 437 1972 1.
454 1945 492 1972 et
506 1941 603 1974 Leid.
625 1944 658 1973 2.
682 1942 1032 1983 antequam-agrestarum
1057 1941 1183 1973 Leidd.
1200 1944 1231 1972 5.
1248 1943 1280 1972 6.
1295 1940 1378 1971 unde
1399 1937 1639 1980 quadragesimo

163 1980 285 2014 Leidd.
300 1984 331 2015 ³.
345 1985 376 2016 7.
393 1983 519 2026 Ultruj.
537 1986 568 2016 1.
582 1987 614 2018 2.
627 1990 666 2018 et
680 1986 867 2028 Mog.--54
891 1986 991 2018 Harl.
1008 1986 1129 2018 abunde
1153 1983 1355 2017 centesimum
1366 1994 1380 2022 ,·
1405 1982 1513 2014 Barb.
1539 1983 1572 2014 1.
1595 1981 1638 2011 ud

826 2060 972 2094 NO'rAE

208 2122 215 2143 ¹
238 2124 292 2156 Ad
312 2134 360 2166 ea,
377 2135 447 2167 quoe
471 2125 616 2169 scripsit]
638 2127 870 2169 Septingenta
924 2127 1009 2160 rius.

162 2175 334 2209 volumina
359 2177 493 2219 edidit;
514 2188 640 2222 magna
661 2180 872 2213 testimonio·
970 2183 986 2199 ¹⁴
1025 2176 1242 2209 Extrahendoe
1281 2175 1384 2218 σφεα]
1424 2175 1633 2212 Accusatus·

164 2236 239 2259 rum
254 2229 357 2270 copia
370 2229 423 2262 uti
443 2229 591 2272 solebat,
605 2231 655 2263 ita
669 2231 757 2264 utin
770 2241 871 2274 opus·
927 2229 1018 2273 quod
1035 2229 1140 2262 nimio
1158 2229 1234 2270 plus
1258 2228 1421 2260 robustus
1443 2230 1547 2267 esset,
1563 2227 1641 2259 hor-

163 2278 250 2310 cnlis
265 2278 426 2312 Medeam
450 2281 625 2324 Euripidis
636 2283 805 2325 integram
823 2284 872 2315 in·
929 2282 1061 2322 tulano,
1087 2281 1180 2323 apud
1204 2290 1307 2323 quem
1334 2278 1369 2312 id
1386 2280 1537 2313 muneris
1553 2288 1643 2320 prae-

165 2335 320 2363 sereret:
357 2331 448 2364 unde
478 2342 547 2365 non
578 2334 719 2376 illepide
747 2334 792 2367 de
814 2335 874 2367 illo
931 2333 1166 2376 stabat,teste
1190 2343 1270 2365 usus
1294 2337 1362 2374 est,
1386 2332 1534 2374 vitaeque
1549 2330 1642 2363 illius

165 2379 582 2427 Apollodorust‘Siquis
596 2386 696 2418 tollat
707 2385 751 2418 de
765 2386 876 2429 Chry·
931 2384 1102 2418 rationem
1126 2384 1287 2417 admirati
1315 2383 1554 2425 Areopagitae,
1585 2382 1643 2414 de-

164 2431 258 2474 sippi
284 2433 380 2466 libris
410 2444 488 2478 quae
513 2435 626 2468 aliena
648 2441 742 2478 sunt,
756 2437 877 2470 charta
932 2446 1009 2469 cem
1037 2436 1148 2468 minas
1174 2436 1224 2468 illi
1256 2435 1332 2467 dari
1364 2435 1566 2476 jusserunt:
1598 2443 1642 2467 ne

166 2482 216 2515 illi
240 2494 349 2517 vacua
376 2485 615 2528 relinquetur!
659 2487 701 2520 In
735 2488 877 2521 Dialec-
932 2497 1014 2521 vero
1029 2498 1088 2520 eas
1102 2487 1293 2529 acciperet,
1305 2486 1415 2518 vetuit
1426 2485 1531 2518 Zeno.
1553 2485 1642 2520 Qum

166 2536 236 2568 tica
252 2541 367 2570 tamen
376 2540 583 2580 precelluir.
934 2549 955 2571 a
977 2538 1201 2580 Praeceptor-e
1215 2537 1386 2576 audierat,
1397 2536 1529 2568 ossibus
1542 2536 1643 2568 boum

211 2587 231 2606 ¹
254 2588 322 2621 Au.
341 2590 392 2623 M.
408 2593 505 2624 ³841.
552 2591 610 2626 ΟΙ.
627 2594 702 2625 141.
716 2595 751 2626 Δ.
790 2593 877 2627 Urb.
932 2594 970 2622 et
985 2590 1086 2622 testis
1111 2589 1276 2622 fictilibus
1292 2588 1539 2630 perscripsisse
1562 2587 1645 2621 dici-

165 2638 210 2672 .C.
223 2641 299 2673 540.
337 2639 420 2675 Ant.
436 2642 500 2675 ch.
515 2645 593 2677 212.
933 2646 1004 2681 tur,
1020 2650 1098 2673 cum
1117 2640 1266 2682 pecunia
1292 2639 1383 2672 unde
1397 2643 1532 2672 emeret
1547 2638 1644 2672 chat·-

213 2696 236 2712 ·-
262 2692 428 2735 Clemuloe]
439 2694 593 2728 Primum
608 2696 715 2738 pugil,
728 2700 801 2729 tum
814 2697 879 2730 Ze·
934 2698 1001 2735 tas,
1015 2703 1082 2726 non
1099 2696 1316 2735 suppeteret.

173 2743 270 2773 nonis
288 2743 488 2785 discipulus,
514 2751 550 2777 et
576 2747 762 2790 Chrysippi
790 2759 878 2790 prae-
979 2752 993 2782 τ
1018 2745 1085 2778 An.
1099 2745 1149 2778 M.
1163 2746 1262 2777 3780.
1278 2743 1337 2777 01.
1352 2745 1426 2776 126.
1443 2745 1476 2776 3.
1499 2741 1587 2776 vrb.
1603 2743 1645 2776 C.

173 2799 307 2836 ceptor,
334 2804 399 2827 non
439 2796 589 2838 auditor,
612 2803 649 2830 ut
678 2800 750 2832 vult
776 2800 880 2832 Vale·
934 2800 990 2829 47.
1007 2796 1089 2829 Ant.
1107 2796 1168 2828 Cla.
1185 2797 1261 2827 27³.
