1878 3132
258 143 345 187 780
648 152 858 185 vsnnnu
891 153 1083 185 ΜΑΧιΜι
1118 154 1216 186 mn.
1247 155 1354 187 vm.

319 249 362 292 2.
394 248 509 301 Quae
535 249 670 293 etiam
694 249 925 293 Marianos
960 250 1273 305 Cinnanosque
1307 262 1552 302 mucrones,
1575 250 1728 294 *civilis

262 318 561 374 profundendi
611 319 839 372 sanguinis
881 318 1127 373 cupiditate
1175 318 1388 369 furentes,
1436 318 1729 365 inhibuerunt.

265 386 402 429 Missi
424 387 541 429 enim
563 400 591 429 a
610 387 875 440 saevissimis
897 387 1087 429 ducibus
1105 387 1269 430 milites
1291 387 1348 430 ad
1373 386 1438 430 Μ.
1456 385 1732 430 Antonium‘

263 455 629 507 obtruncandum,
648 468 846 498 sermone
861 456 960 511 ejus
976 456 1314 511 obstupefacti,‘¹
1344 456 1578 499 destrictos
1590 460 1611 487 4
1633 455 1733 511 jam

265 527 309 566 et
344 523 567 566 vibrantes
612 523 788 577 gladios
821 537 974 566 cruore
1013 537 1184 567 vacuos
1223 524 1396 580 vaginis
1434 523 1734 567 reddiderunt.

272 591 449 644 Quibus
470 592 697 646 digressis,
720 593 775 634 P.
797 591 1073 644 Antronius‚⁵
1088 598 1103 616 ⁶
1131 592 1194 650 (is
1215 595 1333 636 enim
1354 593 1477 636 solus
1497 593 1544 635 in
1564 592 1740 635 ambitu*

268 673 431 715 expers
466 659 738 703 Antonianae
785 660 1008 703 sacundiae
1043 658 1271 716 steterat⁶)
1301 661 1475 703 crudele
1499 660 1735 716 imperium

267 730 511 772 truculento
533 729 776 771 ministerio
797 729 1000 784 peregit.†
1061 728 1209 781 Quam
1228 727 1445 772 ’disertum
1473 729 1606 784 igitur
1634 741 1735 771 eum

267 798 405 840 fuisse
426 801 649 852 putemus,
670 810 802 852 quem
835 811 890 839 ne
916 797 1114 840 hostium
1136 797 1317 853 quidem
1349 798 1585 853 quisquam
1619 797 1737 839 occi-

270 866 373 908 dere
395 866 620 917 sustinuit,
654 866 731 921 qui
762 866 896 909 modo
918 879 1076 910 vocem
1109 866 1208 922 ejus
1236 866 1293 908 ad
1314 879 1440 908 aures
1461 878 1567 908 suas
1597 865 1739 909 voluit

272 934 509 977 admittere
523 935 542 975 ¹?

272 1039 274 1041 ,
327 1004 368 1045 3.
401 1004 547 1046 Divus
576 1015 751 1058 quoque
790 1003 960 1054 Julius,
1000 1017 1137 1058 quam
1176 1002 1382 1046 coelestis
1412 1003 1615 1054 numinis,
1649 1005 1739 1044 tam

271 1073 403 1114 etiam
423 1071 606 1114 humani
625 1071 786 1126 ingenii
813 1071 1188 1127 perfectissimum
1221 1071 1444 1122 columen,
1478 1071 1568 1114 vim
1586 1070 1741 1115 facun-

273 1140 358 1182 diae
380 1139 560 1195 proprie
576 1137 595 1165 ⁶
624 1141 864 1195 expressit,
885 1140 1080 1183 dicendo
1100 1141 1148 1182 in
1183 1139 1474 1185 accusatione
1499 1137 1581 1183 Cn.
1601 1138 1742 1183 Dola?

271 1206 437 1260 bellae,f
463 1222 597 1264 quem
619 1222 744 1251 reum
766 1210 875 1264 egit,
907 1213 919 1231 ‘
934 1211 1188 1264 extorqueri
1218 1209 1306 1251 sibi
1327 1222 1508 1252 causam
1527 1208 1742 1264 optimam

316 1331 331 1352 ⁶
346 1333 380 1383 Is
404 1332 486 1407 ergim
508 1333 592 1364 solus
613 1333 786 1375 loquentem
809 1332 983 1365 Antonium
1008 1343 1071 1365 non
1103 1333 1261 1373 audierat,
1291 1333 1379 1374 quod«
1400 1335 1494 1366 extra
1515 1332 1640 1364 domun·
1658 1330 1748 1371 sotis

276 1385 424 1408 mansisse
443 1398 452 1408 .

891 1439 1126 1452 mOmONOO

275 1509 297 1539 4
322 1506 431 1538 Aldus
461 1510 498 1538 et
524 1505 580 1538 alii
602 1505 787 1538 ediderunt
811 1505 998 1544 districtos,·
1020 1505 1080 1538 sed
1106 1505 1247 1556 Pighius
1265 1505 1315 1538 ait
1330 1505 1366 1538 in
1381 1504 1484 1537 codd.
1506 1505 1593 1538 Mss.
1608 1512 1683 1537 esse
1697 1506 1750 1537 de·

277 1549 540 1590 strictos:q110d
558 1549 648 1581 idem
666 1554 701 1581 et
719 1550 760 1581 de
777 1559 845 1581 uno
868 1549 1042 1581 Brandeb.
1064 1550 1187 1581 testari
1207 1549 1305 1581 licet.
1356 1549 1526 1581 vibrantes
1546 1549 1671 1588 gladios
1693 1552 1749 1581 est

279 1603 345 1643 pro
368 1593 534 1625 vibratos.-
558 1593 650 1635 quod
678 1597 714 1625 et
744 1593 778 1624 in
808 1602 875 1624 uno
898 1592 976 1625 cod.
1004 1593 1135 1625 Brand.
1164 1597 1202 1625 ut
1230 1593 1367 1624 diversa
1393 1593 1499 1625 let-tio
1515 1596 1686 1632 notatum,
1711 1595 1750 1624 et

278 1636 434 1668 retinent
450 1637 548 1668 Leid.
560 1636 670 1678 quint.
689 1642 779 1668 sext.
792 1642 829 1668 et
842 1636 966 1677 Copes.
984 1637 1119 1677 Reliqui
1135 1636 1296 1668 vibrantes
1311 1645 1389 1668 cum
1404 1636 1502 1676 Mog.
1503 1638 1566 1666 —5
1586 1633 1749 1677 Plerique

279 1681 365 1712 Mss.
389 1680 518 1711 habent
542 1689 617 1711 cum
645 1681 794 1721 vulgatis
821 1680 861 1712 Ρ.
887 1679 1056 1718 Antonius,
1073 1680 1126 1711 vel
1154 1680 1345 1712 Anthemus.
1388 1678 1457 1711 Sed
1473 1678 1570 1710 Laid.
1585 1681 1699 1727 quart.
1714 1682 1752 1709 et

280 1723 411 1765 Ultraj.
441 1723 584 1765 primus,
614 1723 655 1755 Ρ
680 1724 817 1755 Annius.
863 1723 964 1756 Quod
990 1733 1052 1764 pro
1079 1722 1173 1754 varia
1196 1723 1345 1756 lectione
1370 1723 1405 1754 in
1427 1722 1580 1763 margine
1602 1720 1753 1763 exprimi

280 1768 418 1798 curavit
447 1766 601 1807 Pighius.
645 1765 700 1798 Cf.
726 1767 818 1798 Plut.
840 1766 954 1798 Mario
975 1776 1009 1807 p.
1031 1768 1107 1799 431.
1134 1768 1191 1798 ed.
1216 1767 1339 1798 Franc.
1364 1766 1446 1798 Mox
1464 1764 1654 1797 Antoniana
1667 1764 1752 1796 vocis

278 1813 411 1843 steterat
435 1810 577 1851 Pighius
594 1814 630 1841 et
647 1819 723 1841 enm
741 1809 865 1849 secuti,
880 1815 983 1851 atque
999 1810 1129 1842 habent
1143 1809 1195 1847 ita
1209 1810 1307 1841 Leid.
1329 1809 1439 1851 quint.
1453 1813 1491 1840 et
1506 1807 1633 1849 Ultraj
1648 1807 1751 1849 prim.

282 1853 411 1885 Contra
429 1862 510 1884 vero
526 1852 647 1884 decem
665 1853 721 1884 alii
739 1858 893 1884 veterum
910 1852 999 1884 Edd.
1023 1853 1224 1891 lectionem,
1238 1851 1612 1891 Antonianoefacundioe,
1630 1849 1751 1883 confir-

283 1901 401 1936 mant3
426 1896 518 1938 quod
546 1896 722 1928 revocavit
736 1896 879 1929 Torren.
881 1898 945 1927 -6
964 1895 1079 1938 Vulgo
1102 1896 1260 1937 proprioe,·
1284 1895 1483 1927 emendavit
1507 1894 1665 1927 Perizou.
1679 1902 1751 1937 pro·

950 1999 1094 2035 NOTAE

328 2080 343 2096 ⁰
365 2075 490 2108 Milites
504 2077 546 2108 ad
565 2076 613 2108 M.
626 2074 815 2117 Antonium]
836 2075 906 2108 Ubi
921 2076 996 2110 Ma-

284 2126 353 2157 rius
368 2130 403 2157 et
420 2126 531 2157 Cinna
546 2126 631 2157 urbe
654 2126 756 2168 potiti
771 2131 863 2159 sunt.
910 2126 997 2159 Ora-

287 2183 343 2210 tor
356 2177 526 2210 Antonius
543 2179 633 2219 apud
646 2178 817 2220 plebeium
834 2179 998 2221 aliquam-

287 2229 348 2261 diu
374 2228 532 2260 delituit:
557 2234 594 2260 at
622 2229 744 2260 missus
775 2229 818 2261 ab
843 2239 885 2261 eo
909 2229 999 2261 haud

288 2281 397 2314 multo
414 2283 494 2322 post
510 2289 640 2320 servus,
656 2285 694 2311 ut
711 2290 730 2311 a
746 2291 901 2322 caupone
917 2281 1000 2314 vici-

290 2342 334 2364 no
368 2332 666 2370 vinum.emeret;
692 2341 768 2362 cum
798 2332 1001 2373 degustaret

291 2393 396 2426 quam
428 2381 562 2414 solebat
601 2382 783 2422 curiosius,
818 2383 1001 2426 vinumque

291 2435 394 2476 paulo
435 2433 635 2474 generosius
675 2438 856 2474 posceret:
903 2439 1002 2475 rogat

291 2494 416 2526 caupo,
438 2483 519 2526 quid
547 2484 611 2516 hoc
640 2484 689 2515 rei
716 2484 784 2515 sit?
806 2493 925 2516 servus
941 2486 1002 2521 illi,

294 2541 334 2567 ut
360 2534 470 2567 amico
506 2544 579 2566 rem
612 2543 759 2573 omnem,
796 2535 886 2567 sicut
916 2541 1004 2577 erat,

294 2586 425 2628 aperit:
450 2585 509 2617 ille
535 2585 700 2618 continuo
715 2585 864 2618 Marium
887 2586 1004 2619 admo·

294 2640 368 2675 net,
392 2635 450 2677 qui
477 2645 548 2677 prae
574 2635 698 2668 laetitia
721 2644 757 2668 et
782 2637 1006 2679 exclamasse,

294 2690 332 2719 et
348 2685 503 2717 manibus
520 2686 686 2726 plausisse
702 2686 841 2719 dicitur.

338 2735 353 2757 ἃ
380 2736 615 2778 obstupefacti]
639 2737 689 2771 Ut
715 2737 886 2771 Antonius
910 2748 1006 2771 orsus

1044 2081 1098 2110 est
1113 2076 1242 2117 dicere,
1256 2080 1294 2109 et
1303 2079 1447 2108 mortem
1459 2073 1660 2116 deprecari;
1675 2081 1753 2105 eum

1045 2129 1171 2161 milites
1202 2139 1268 2161 nec
1297 2128 1452 2170 aspicere
1488 2136 1552 2158 uec
1582 2124 1755 2166 attingere

1047 2181 1133 2222 ausi,
1146 2179 1259 2212 defixo
1274 2180 1308 2212 in
1325 2184 1452 2212 terram
1470 2178 1607 2218 obtutu,
1619 2176 1756 2217 illacry-

1047 2232 1132 2263 mari
1147 2241 1265 2264 omnes
1280 2234 1475 2272 coepernnt.

1089 2286 1105 2302 θ
1121 2282 1163 2314 Ρ.
1174 2281 1366 2322 Autronius]
1382 2279 1516 2313 Annius
1533 2288 1552 2310 a
1567 2275 1756 2310 Plutarcho

1049 2338 1211 2366 vocatur:
1237 2331 1281 2364 ad
1303 2330 1395 2363 fores
1417 2330 1640 2368 substiterat;
1662 2329 1757 2369 post-

1049 2393 1149 2426 quam
1165 2392 1248 2415 vero
1265 2392 1342 2415 suos
1364 2381 1450 2413 vidit
1466 2389 1504 2412 re
1518 2376 1646 2411 infecta
1659 2376 1703 2409 ad
1719 2384 1758 2408 se

1051 2435 1176 2475 redire,
1188 2434 1311 2466 stricto
1322 2432 1454 2476 gladio
1447 2441 1481 2463 m
1494 2430 1632 2462 domum
1644 2425 1760 2466 irruit,

1051 2485 1238 2517 Antonium
1254 2484 1453 2523 obtruncat,
1477 2481 1636 2522 illiusque
1651 2480 1760 2519 caput

1050 2535 1166 2568 defert
1179 2536 1223 2567 ad
1238 2535 1399 2567 Marium.

1095 2590 1109 2621 l
1124 2587 1193 2620 An
1211 2587 1262 2620 M.
1277 2588 1374 2618 3968.
1399 2583 1458 2616 Ol.
1474 2584 1549 2615 173.
1565 2584 1598 2614 3.
1620 2577 1706 2614 Utb.
1718 2578 1759 2612 C.

1053 2641 1130 2671 667.
1162 2637 1246 2670 Ant.
1263 2637 1324 2669 Ch.
1339 2638 1393 2668 85.

1097 2688 1110 2709 f
1131 2690 1191 2721 Cn.
1209 2685 1398 2728 Dolabeuae]
1421 2686 1474 2718 Ex
1505 2686 1606 2726 gente
1635 2682 1764 2715 Corne-

1055 2741 1121 2782 lia;
1145 2740 1197 2773 vir
1219 2744 1294 2773 erat
1309 2736 1506 2772 Consularis
1522 2738 1559 2768 et
1574 2732 1761 2774 triumpha-
