1878 3132
240 179 332 224 620·
450 204 454 207 -
635 190 844 223 VAnnnu
879 190 1071 224 MAxun
1106 192 1203 226 ms.
1237 190 1303 225 vr.

243 287 421 331 Annius
441 293 654 332 autem⁴=
695 288 956 345 Campanus
975 291 1112 333 etiam
1141 292 1375 334 consulem
1408 291 1599 335 alterum
1619 291 1707 336 ca·-

242 371 348 412 puae
371 359 510 401 creari
528 358 692 401 debere
726 360 1036 402 asseverabat:
1068 361 1134 403 sic
1162 364 1375 402 contusus
1407 364 1454 402 et
1476 374 1594 415 aeger
1611 359 1710 404 Ro-

242 426 364 468 mani
398 426 574 482 imperii
612 427 794 482 spiritus
832 433 941 470 erat.
1018 429 1147 471 Tunc
1182 429 1379 472 Manlius
1414 427 1712 485 Torquatus‚¹'

241 494 359 537 filius
381 496 493 552 ejus,
514 496 591 551 qui
613 496 799 538 Latinos
820 492 943 551 apud
965 495 1165 540 Veserim
1178 503 1193 528 ⁵
1223 498 1398 553 inclyta
1415 511 1565 553 pugna
1582 497 1710 540 fude—

241 567 324 616 rat,
353 578 488 619 quam
508 568 703 620 poterat,
734 565 857 608 clara
877 578 991 608 voce
1027 567 1323 619 denuntiavit,
1354 568 1423 609 ‘si
1455 564 1559 623 quis
1590 567 1712 610 soci-

243 645 371 675 orum
409 634 524 676 inter
561 633 726 676 Patres
767 635 1048 690 conscriptos
1085 636 1350 678 sententiam
1391 636 1536 679 dicere
1568 649 1710 679 ausus

242 705 378 753 esset,
411 702 622 745 continuo
656 716 755 744 eum
785 716 835 744 se
868 702 1224 747 interemturum.’
1284 703 1375 746 Hae
1407 705 1538 746 unius
1558 705 1708 757 minen,

242 775 288 812 et
328 770 626 813 Romanorum
666 772 981 825 languentibus
1019 773 1181 814 animis
1230 772 1422 815 calorem
1469 772 1711 828 pristinum

240 839 542 891 reddiderunt,
563 844 608 881 et
629 839 807 882 Italiam
829 840 888 882 ad
897 840 973 896 jus
994 840 1191 884 civitatis
1211 841 1447 883 nobiscum
1464 854 1710 896 exaequan-

243 907 349 950 dum
363 905 381 932 ⁶
411 920 676 962 consurgere
697 921 849 962 passae
869 921 957 950 non
975 914 1104 951 sunt:
1126 922 1316 965 namque
1337 913 1386 952 ut
1397 910 1539 965 patris
1559 910 1710 962 armis,

240 976 305 1019 ita
325 975 475 1018 verbis
495 976 604 1018 filii⁷
632 976 773 1019 fracta
792 971 969 1019 cessitf'

300 1043 392 1086 Par
411 1044 532 1086 illius
553 1058 731 1100 quoque
748 1044 763 1069 ⁸
797 1044 960 1087 Manlii
981 1046 1188 1099 gravitas,
1211 1046 1284 1088 cui
1319 1060 1421 1088 cum
1448 1045 1708 1089 consulatus

243 1113 438 1155 omniurn
479 1126 699 1155 consensu
738 1112 999 1164 deferretur,
1035 1126 1224 1168 eumque
1264 1115 1348 1156 sub
1392 1114 1711 1156 excusatione‘

242 1181 441 1225 adversae
462 1182 734 1225 valetudinis
767 1183 998 1224 oculorum
1029 1186 1272 1234 recusaret,
1290 1183 1558 1225 instantibus
1578 1187 1713 1226 cunc-

242 1251 314 1301 tis,
347 1249 564 1302 ‘Alium‚’
605 1251 768 1306 inquit,
814 1250 1060 1303 ‘Quirites,
1101 1251 1308 1305 quaerite,
1345 1251 1402 1293 ad
1434 1264 1566 1305 quem
1597 1249 1711 1293 hunc

242 1318 453 1362 honorem
473 1320 760 1362 transferatis.
821 1318 942 1360 Nam
974 1319 1014 1360 si
1047 1331 1119 1360 me
1142 1332 1294 1372 gerere
1326 1333 1427 1361 eum
1460 1318 1712 1374 coegeritis,

242 1399 326 1430 nec
347 1401 431 1443 ego
453 1401 601 1431 mores
621 1392 795 1431 vestros
824 1388 954 1439 ferre,
984 1401 1067 1430 nec
1090 1401 1171 1430 vos
1191 1401 1338 1430 meum
1361 1389 1595 1444 imperium
1615 1400 1712 1444 per·-

245 1573 309 1603 —4
331 1570 390 1603 Ita
405 1570 440 1603 in
455 1570 604 1613 antiquis
622 1570 713 1613 typis
729 1570 914 1612 expressis,
938 1575 975 1602 et
990 1575 1136 1612 utroque
1160 1570 1264 1603 etiam
1287 1571 1416 1604 Brund.
1439 1571 1515 1604 haee
1537 1572 1714 1614 leguntur.

244 1614 294 1646 At
311 1615 455 1656 Pighius
471 1613 655 1655 legendum
673 1620 817 1646 censet:
846 1614 889 1646 Ut
905 1614 1031 1646 Annius
1051 1615 1139 1653 olim,
1161 1615 1315 1656 Campani
1336 1615 1433 1647 etiam
1459 1617 1613 1648 consulem
1635 1617 1715 1649 alte-

243 1669 315 1690 rum
334 1660 451 1699 Capuae
466 1659 571 1690 creari
585 1658 694 1689 debere
711 1658 940 1690 asseverabant.
988 1657 1173 1698 Nimirum,
1197 1667 1239 1689 ne
1255 1658 1396 1690 Valerio
1420 1659 1509 1690 ullus
1533 1669 1630 1691 error
1655 1664 1716 1692 aut

243 1699 407 1743 ἁμάρτημα
419 1700 605 1741 μνημονικὸν
619 1701 880 1742 impingeretur,
902 1701 1062 1732 librarios
1079 1701 1335 1741 corruptionem
1353 1700 1477 1734 fecisse
1493 1702 1716 1734 statuendum

243 1745 310 1786 ipsi
329 1747 438 1776 visum
454 1745 534 1777 fuit.
579 1745 590 1762 ‘
604 1744 703 1776 Utin
720 1744 850 1776 Brand.
875 1743 1017 1785 legitur,
1040 1744 1090 1775 ita
1117 1754 1256 1785 quoqne
1274 1750 1373 1777 extat
1398 1745 1432 1776 in
1454 1745 1594 1778 nostris.
1637 1746 1718 1778 Nisi

244 1788 335 1828 quod
354 1788 490 1820 variant
502 1787 656 1819 nonnihil
672 1788 706 1819 in
730 1787 865 1819 nomine
888 1787 1073 1819 scribendo
1088 1786 1205 1826 Anius,
1229 1787 1376 1826 Amnius,
1400 1787 1546 1828 Anninus,
1571 1788 1718 1822 Annius.-

247 1832 345 1873 Mog.
361 1831 482 1863 Atius:
506 1830 668 1863 Perizon.
694 1830 877 1871 aser-ipsiu
899 1830 1008 1870 ι(ἶορ.
1029 1830 1153 1861 Annius
1177 1834 1281 1862 nutem
1298 1830 1489 1872 Campanus,
1512 1836 1548 1864 et
1572 1832 1621 1863 sic
1643 1841 1715 1864 om-

247 1874 332 1906 nes.’
378 1875 514 1906 Falsum
532 1878 569 1906 et
589 1872 678 1905 hoc!
705 1873 898 1905 Turrem—5
925 1873 1014 1905 Edd.
1037 1878 1122 1905 vert,
1136 1873 1231 1915 filius
1256 1873 1321 1912 ejus
1347 1874 1401 1915 qui
1429 1874 1464 1906 L.
1492 1876 1534 1906 ad
1559 1874 1718 1918 Veserim,-

246 1917 348 1959 Pigh.
365 1918 454 1959 legit
469 1917 582 1958 stirpis
594 1916 661 1956 ejus
675 1918 730 1958 qui
749 1918 788 1949 L.
803 1918 898 1958 apud,
913 1918 967 1958 «sse.
985 1922 1108 1948 contra
1123 1926 1241 1948 omnes
1259 1916 1362 1948 codd.
1394 1917 1561 1950 Vesuvium
1578 1918 1719 1960 fluuium

246 1961 393 1993 Mediol.
408 1964 439 1993 3.
466 1965 503 1993 et
530 1960 579 1992 sic
595 1959 806 2001 Theophilus
829 1969 872 1991 ex
898 1959 1050 2001 antiquis
1079 1959 1253 1991 tibrim—6
1276 1959 1333 1992 Ita
1357 1960 1501 2001 Pighius
1528 1971 1572 1993 ex
1594 1960 1718 1994 Atreb-

248 2003 389 2036 Gembl.
407 2004 504 2044 aliis3
529 2003 579 2036 ita
594 2012 730 2045 quoque
745 2002 874 2044 Ultraj.
890 2005 920 2035 1.
936 2006 965 2035 2.
983 2002 1104 2035 Leidd.
1121 2005 1151 2034 1.
1165 2005 1197 2035 3.
1209 2005 1242 2034 4.
1255 2006 1328 2036 5.8.
1345 2008 1381 2036 et
1397 2005 1492 2046 Mog.
1506 2005 1718 2046 exequendum

246 2047 356 2079 ceteri
373 2046 474 2079 codd.
490 2057 568 2079 cum
581 2047 665 2078 Vet.
682 2049 718 2078 et
733 2047 809 2078 aliis
823 2045 967 2078 edd.——7
990 2046 1047 2077 Ita
1063 2055 1180 2077 omnes
1193 2045 1295 2078 codd.
1306 2047 1450 2079 Torren.
1478 2047 1622 2088 Pighius
1634 2052 1716 2079 vero

247 2089 422 2123 ediderat:
451 2092 486 2122 ut
499 2090 607 2132 populi
623 2090 758 2121 Romani
772 2090 882 2129 armis,
896 2090 945 2121 ita
958 2089 1060 2121 verbis
1074 2089 1174 2127 illius,
1190 2089 1282 2131 quod
1299 2089 1333 2121 in
1351 2091 1472 2132 Camp.
1484 2100 1588 2133 supra
1598 2099 1719 2123 vocem

239 2133 310 2176 filii
325 2138 527 2167 annotatum
551 2137 689 2166 extaret
713 2133 878 2166 illium—8
901 2133 969 2165 Par
990 2132 1125 2172 eiusdem
1148 2143 1266 2175 quoque
1289 2133 1431 2175 Pighius
1453 2140 1577 2167 contra
1601 2142 1719 2167 omne·

914 2238 945 2271 N
952 2238 1056 2271 0⁹1*AE

291 2329 308 2346 ⁸
330 2325 456 2358 Annius
488 2328 592 2357 autem
628 2325 694 2367 [Ut
719 2324 845 2357 Annius
868 2324 957 2366 olim]
1013 2335 1115 2367 supra
1129 2326 1273 2368 egimus.

250 2377 394 2419 Optime
416 2377 507 2409 hunc
534 2377 661 2418 locum,
684 2380 721 2408 ut
748 2376 814 2407 alia
838 2377 957 2417 multa,
1057 2377 1076 2396 ¹*
1094 2376 1155 2409 An.
1172 2377 1223 2408 M.
1240 2379 1337 2410 3838.
1356 2377 1415 2410 01.
1432 2379 1507 2410 141.
1522 2379 1554 2410 1.
1576 2376 1665 2410 Urbss
1681 2378 1721 2410 C.

251 2428 451 2460 emendavit
481 2427 647 2469 Pighius:
672 2436 737 2459 nec
760 2427 849 2458 enim
873 2431 959 2458 tem-
1013 2429 1092 2459 537.
1117 2426 1199 2459 Ant.
1216 2428 1277 2460 Ch.
1290 2430 1366 2460 215.
1429 2442 1435 2445 ·
1668 2424 1669 2427 ¹

253 2488 337 2520 pore
360 2478 444 2511 belli
466 2478 592 2510 Punici
615 2477 757 2510 secundi
781 2477 868 2509 vixit
888 2476 959 2509 An·
1057 2482 1071 2499 ⁶
1093 2479 1234 2519 Eumque
1248 2479 1304 2510 sub
1320 2479 1533 2522 excusatione]
1546 2479 1597 2512 Ut
1609 2489 1647 2511 se
1662 2489 1722 2512 au·

251 2529 328 2560 nius
351 2529 424 2570 ille,
452 2528 513 2560 sed
541 2538 629 2560 anno
659 2528 764 2561 Urbis
789 2531 866 2561 413.
893 2539 960 2570 quo
1017 2528 1107 2561 divit
1135 2535 1290 2562 creatum
1329 2530 1525 2571 Consulem,
1556 2530 1722 2563 continuo

252 2580 356 2621 petiit
383 2585 422 2612 ut
444 2580 625 2612 Consulum
651 2580 744 2612 alter
766 2585 802 2611 et
822 2579 964 2612 dimidia
1018 2585 1216 2611 revocatum
1249 2581 1410 2621 populum
1437 2581 1470 2612 in
1496 2579 1657 2622 suffragia
1673 2591 1724 2613 re-

253 2641 335 2671 ραι-5
350 2631 498 2663 Senatus
513 2640 557 2662 ex
574 2630 674 2662 Latio
689 2635 878 2663 crearetur.
1018 2629 1093 2661 dire
1104 2630 1228 2671 jubet3
1246 2631 1396 2672 aliosque
1411 2631 1522 2663 creari
1535 2631 1723 2666 Consules:

296 2680 312 2702 ὓ
335 2682 476 2713 Manlius
519 2681 710 2723 Torquatus]
763 2680 874 2721 Illius,
905 2680 964 2722 qni
1019 2680 1102 2712 lecti
1118 2685 1197 2711 sunt
1214 2681 1265 2712 M.
1282 2681 1441 2713 Valerius
1462 2681 1614 2714 Levinus
1629 2691 1670 2716 ιιι
1685 2687 1723 2715 et

254 2731 396 2763 Latinos
410 2732 452 2763 ad
465 2732 624 2764 Veserim
638 2731 732 2773 vicit,
752 2740 859 2773 nepos
876 2729 962 2771 fuit3
1018 2731 1070 2764 M.
1086 2731 1273 2764 Marcellus
1290 2740 1341 2765 ιν.

255 2781 374 2824 bisque
411 2782 552 2816 Consul.
596 2783 655 2816 De
682 2791 722 2816 ea
750 2792 867 2825 pugna
887 2782 960 2825 jam
