1878 3132
622 199 728 232 cn.
752 197 798 229 v.
831 197 895 229 nn
925 195 1178 228 sus‘ri'ru.
1554 178 1642 223 633
1679 173 1684 177 ’

158 302 331 347 odium.
392 298 617 343 Continuo
638 297 757 340 enim
788 300 835 338 et
865 294 962 337 suis
983 293 1164 336 auribus
1185 290 1431 342 obseratis,
1452 293 1499 332 et
1519 287 1638 332 indi..

161 374 229 415 cis
251 384 326 414 ore
347 370 524 420 clauso,
554 368 690 411 ‘duci
722 379 824 410 eum
862 364 921 407 ad
958 359 1202 405 Scaurum’
1226 360 1376 416 jussit.
1437 357 1645 401 Accusa-

162 447 299 484 torcm
330 441 468 483 etiam
500 451 578 481 reo
612 449 695 479 suo
731 448 787 477 ne
820 434 970 476 dicam
991 429 1279 485 diligendum,
1311 433 1434 471 certe
1461 427 1644 470 laudan-

162 511 294 553 dum:
327 522 462 565 quem
489 507 689 563 populus
710 518 812 547 cum
832 506 1013 559 propter
1041 500 1156 543 alias
1186 499 1394 547 virtuteS,
1427 501 1525 538 tum
1555 496 1643 538 hoc

162 579 345 622 nomine
366 577 578 620 libentius
599 579 642 618 et
663 573 911 624 consulem,
945 575 990 614 et
1022 582 1265 619 censorem,
1297 572 1343 610 et
1375 565 1645 608 Pontificem

165 646 297 691 Max.
317 646 444 690 fecit.

219 718 264 759 6.
298 715 397 758 Nec
433 714 560 757 aliter
592 727 642 756 se
656 717 691 745 ²⁷
723 711 776 754 L.
807 710 1041 754 Crassusm
1071 708 1118 750 in
1150 707 1311 750 eodem
1337 705 1532 763 justitiae
1567 717 1648 747 ex-

163 786 410 842 perimento
431 784 586 839 gessit.
647 781 737 824 (2²⁸
761 779 983 823 Carbonis
1004 791 1169 820 nomen
1189 776 1350 819 infesto
1373 775 1544 826 animo,
1577 779 1649 816 ut-

166 857 276 910 pote
309 852 612 896 inimicissimi
625 856 662 885 Ζ9
692 850 794 902 sibi,
830 848 1110 891 detulerat2¹²
1141 845 1223 889 sed
1254 850 1404 888 tamen
1437 843 1651 887 scrinium

165 924 282 980 eJus,
316 935 344 964 a
366 935 501 965 servo
528 921 717 964 allatum
748 920 806 963 ad
839 932 903 971 se,
941 917 1176 972 complura
1210 915 1458 967 continenS,
1486 914 1652 969 quibus

165 992 298 1035 facile
319 991 511 1047 opprimi
533 994 708 1047 posset,
722 993 773 1031 ut
794 992 889 1031 erat
905 987 1147 1042 signatum,
1168 998 1271 1028 cum
1288 997 1418 1027 servo
1434 988 1650 1027 catenato

168 1060 226 1104 ad
245 1074 347 1103 eum
382 1060 588 1103 remisit.†
648 1057 752 1110 Quo
788 1060 925 1114 pacto
957 1056 1091 1110 igitur
1103 1060 1137 1086 ³0
1166 1055 1284 1098 inter
1316 1053 1490 1095 amicos
1523 1052 1653 1108 vigu-

168 1129 258 1173 isse
279 1134 386 1172 tunc
417 1129 643 1186 justitiam
676 1127 918 1178 credimus,
949 1139 1049 1168 cum
1079 1124 1194 1166 inter
1226 1126 1519 1166 accusatores
1542 1134 1655 1178 quo-

171 1212 260 1256 que
281 1203 325 1242 et
345 1212 448 1241 reos
468 1202 642 1242 tantum
665 1198 825 1241 virium
847 1196 1100 1239 obtinuisse
1123 1194 1358 1236 videamus
1372 1193 1392 1234 t

229 1269 271 1311 7.
300 1267 331 1310 J
334 1282 406 1310 am
430 1267 478 1310 L.
496 1268 623 1324 Sylla
641 1281 730 1310 non
752 1281 800 1310 se
819 1272 915 1310 tam
931 1264 1222 1315 incolumem,
1243 1276 1382 1319 quam
1403 1261 1656 1317 Sulpicium

173 1336 344 1380 Rufum
368 1325 594 1393 perditum
613 1337 774 1389 voluit,
801 1336 1044 1379 tribunicio
1066 1335 1244 1377 furore⁰
1274 1332 1375 1389 ejus
1397 1332 1493 1374 sine
1513 1331 1608 1374 ullo
1621 1336 1653 1362 ³¹

171 1406 259 1449 fine
279 1411 489 1449 vexatus.
550 1405 760 1450 Ceterum
797 1420 899 1449 cum
933 1419 1035 1448 eum
1071 1406 1391 1461 proscriptum,
1414 1402 1525 1444 etin
1546 1399 1659 1443 villa

171 1475 399 1529 latentem,
420 1489 448 1518 a
468 1489 602 1520 servo
623 1476 849 1532 proditum
872 1476 1183 1531 comperisset,
1201 1462 1531 1516 manumissum
1553 1484 1657 1527 par-

172 1544 378 1597 ricidam,
399 1549 450 1588 ut
475 1545 589 1589 fides
611 1545 748 1588 edicti
769 1546 842 1588 sui
863 1548 1095 1596 extaret,³²
1126 1547 1140 1566 ‘
1156 1541 1654 1599 praecipitariiprotinus

798 1654 816 1665 ο

995 1653 1036 1665 ’00

173 1718 183 1735 ‘
199 1718 309 1769 Codd.
326 1723 407 1751 octo
423 1729 501 1751 cum
515 1719 612 1760 Mog.
627 1720 996 1762 omittunt-pronomen
1014 1730 1059 1752 se.
1081 1719 1213 1761 Ultraj.
1242 1719 1342 1759 prim.
1360 1717 1441 1749 Haec
1466 1717 1576 1750 aliter.
1600 1715 1662 1748 Ul-

177 1767 258 1804 traj.
273 1765 306 1796 2.
319 1764 354 1795 in
368 1764 472 1812 eodem
487 1763 700 1803 locojioetitiae
715 1765 942 1806 experimento.
969 1763 1065 1796 Leid.
1081 1768 1169 1795 sext.
1182 1762 1278 1802 fecie.
1299 1761 1411 1802 gessit.
1457 1760 1566 1794 Quasi
1582 1769 1661 1801 pro·

176 1815 301 1857 nomen
328 1816 488 1840 omissum
518 1806 635 1848 fuerit,
659 1807 738 1850 quia
765 1813 890 1840 auctor
917 1808 1120 1848 scripserat,
1148 1807 1218 1839 Nec
1241 1807 1338 1839 aliter
1367 1805 1408 1838 L.
1432 1806 1579 1845 Crassus,
1605 1805 1662 1844 asc.

169 1849 265 1889 fecit.
309 1850 378 1883 Sed
393 1855 428 1882 et
444 1851 528 1901 ‚fecit
546 1861 608 1892 pro
629 1852 729 1891 gessit
756 1860 777 1883 a
804 1852 943 1884 librario
966 1855 1084 1894 potest
1107 1861 1185 1884 esse
1212 1850 1453 1889 substitutum,
1475 1854 1514 1881 ut
1540 1847 1664 1880 melius

177 1893 370 1926 cohaereret
386 1894 521 1927 oratio!
545 1895 764 1927 Tenem—28
788 1895 819 1927 A
837 1896 962 1937 Pighio
978 1896 1042 1928 hoc
1060 1900 1134 1927 est:
1161 1899 1291 1928 ceterae
1309 1893 1480 1926 editiones
1498 1901 1575 1925 cum
1601 1891 1663 1924 ali-

179 1943 264 1979 quot
282 1937 368 1970 Mss.
388 1938 453 1970 Gn.
496 1938 564 1970 Sed
593 1939 630 1970 C.
657 1944 754 1970 extat
783 1949 918 1981 quoque
946 1941 982 1972 in
1005 1938 1191 1971 nonnullis.
1215 1939 1283 1970 duo
1303 1937 1378 1970 Caii
1397 1937 1482 1969 Gnei
1499 1936 1664 1968 Carbonis.
1730 1940 1733 1946 ’

179 1983 271 2030 '.—.²9.
289 1981 346 2031 §ic
365 1982 450 2013 Vet.
478 1982 576 2022 Mog.
604 1988 640 2014 et
665 1983 820 2025 plerique
847 1983 935 2015 Mss.
994 1983 1127 2024 Reliqui
1158 1982 1347 2015 ediderunt
1376 1988 1458 2014 ante
1486 1980 1667 2022 Pigliium,

178 2033 444 2064 tnzmtcisstmum,
466 2025 559 2075 quod
575 2026 680 2058 habet
696 2026 792 2059 Leiu.
811 2027 911 2070 prim.
928 2027 1163 2059 inimicissimus
1179 2026 1277 2058 Leid.
1295 2025 1408 2068 quint.
1423 2030 1459 2056 et
1474 2025 1546 2056 Bit.
1563 2023 1666 2066 prim.

180 2070 267 2100 -30
291 2067 331 2099 Iu
349 2068 474 2118 (Jopes.
489 2072 594 2110 igitur
617 2069 728 2102 deest.
777 2071 861 2103 Mox
889 2071 1020 2103 Medic.
1048 2073 1078 2103 1.
1102 2080 1173 2102 cum
1198 2080 1267 2102 eam
1295 2069 1480 2102 intere-31
1506 2067 1563 2100 Sic
1579 2067 1663 2099 Vet.

181 2120 258 2142 cum
276 2111 433 2161 omnibus
450 2112 534 2144 Mss.
550 2118 587 2144 et
602 2112 812 2147 editionibus
829 2114 956 2157 Pighio
973 2113 1236 2154 antiquioribus.
1281 2112 1439 2153 Pighius,
1455 2112 1613 2149 eotenus,
1628 2115 1668 2143 et

182 2154 343 2187 Vorstius
360 2156 424 2206 ullo
439 2160 787 2198 expunxerunt.-82
812 2158 884 2190 Pro
907 2161 1034 2190 extaret
1058 2157 1190 2190 Medic.
1213 2160 1244 2190 1.
1273 2159 1305 2189 2.
1329 2157 1469 2197 habent,
1494 2156 1667 2187 constaret.

182 2197 267 2230 Mox
284 2208 301 2231 e
315 2209 394 2231 saxo
410 2209 443 2231 ιιι
462 2201 579 2243 vulgg.
604 2200 667 2233 sed
683 2211 800 2234 omnes
819 2200 894 2235 fere
911 2201 1015 2234 codd.
1032 2212 1110 2234 cum
1128 2201 1225 2245 Mog.
1255 2200 1538 2244 praepositionem
1562 2209 1580 2232 e
1607 2198 1668 2231 de-

852 2282 999 2316 NOTAE

226 2350 248 2368 ¹²
268 2347 307 2380 1..
323 2348 473 2390 erasm]
498 2347 599 2382 Anno
623 2349 738 2382 aetatis
758 2351 814 2381 19.
840 2349 896 2382 vel
951 2349 1190 2391 Consulatum,
1204 2349 1238 2382 in
1254 2349 1395 2383 exilium
1407 2348 1530 2382 missus
1545 2352 1610 2386 est,
1624 2356 1669 2379 ex

181 2399 237 2430 21.
267 2398 459 2431 Carbonem
477 2406 660 2432 accusasse
675 2401 816 2442 dicitur,
832 2401 895 2433 ini·
951 2401 1095 2433 Valerio
1107 2401 1166 2434 lib.
1184 2410 1243 2434 ιιι.
1257 2411 1288 2434 c.
1301 2404 1336 2434 7.
1356 2399 1566 2433 Voluntaria
1580 2409 1672 2432 mor-

185 2449 304 2491 tioque
326 2450 491 2482 orationis
516 2452 564 2483 ita
590 2452 805 2484 exanimatus
831 2458 895 2491 est,
952 2457 987 2485 te
1005 2453 1124 2495 periit,
1139 2463 1183 2485 ex
1200 2453 1369 2486 Cicerone
1385 2453 1421 2485 in
1436 2453 1561 2484 Bruto.

186 2505 224 2531 ut
241 2501 284 2534 Q.
309 2502 484 2534 Maximus
510 2503 660 2543 Praetor,
686 2514 754 2547 quo
771 2503 895 2546 pudori
995 2510 1009 2540 ἢ
1030 2504 1096 2538 An.
1114 2506 1164 2538 M.
1180 2508 1278 2538 3935.
1305 2505 1365 2538 Ol.
1382 2507 1456 2537 165.
1471 2506 1504 2537 2.
1522 2503 1610 2536 Urb.
1628 2503 1670 2536 C.

184 2552 276 2584 illius
291 2555 500 2596 consuleret,
514 2557 697 2588 concilium
714 2557 897 2592 dimiserit.
953 2559 1030 2589 634.
1057 2557 1137 2589 Ant.
1154 2557 1216 2590 Ch.
1235 2559 1311 2589 118.

187 2602 246 2636 Ita
258 2603 370 2637 refert
386 2607 511 2639 Cicero
527 2607 559 2638 in
573 2607 633 2639 lib.
647 2616 674 2639 ι.
691 2607 734 2640 de
752 2607 853 2641 Orat.
995 2613 1011 2629 ⁶
1037 2608 1216 2640 Tribunicio
1225 2607 1354 2649 furore]
1373 2607 1503 2649 Legem
1521 2606 1615 2648 tulit,
1627 2616 1672 2639 ne

230 2659 247 2674 ¹¹
264 2654 447 2698 Detulerat]
469 2657 571 2692 Quod
589 2658 629 2690 C.
643 2658 805 2691 Graccho
820 2669 901 2691 auc-
955 2658 1049 2700 Sylla
1065 2663 1188 2690 contra
1205 2657 1446 2690 Mithridatem
1464 2657 1594 2690 bellum
1612 2667 1671 2699 ge·

189 2708 246 2735 tor
261 2704 384 2761 fuisset
396 2708 598 2749 repetendae
614 2710 822 2743 Tribuniciae
840 2720 900 2752 po·
955 2714 1047 2741 reret
1064 2720 1073 2748 ;
1102 2709 1238 2751 trisque
1266 2709 1458 2741 satellitum
1488 2708 1597 2740 millia
1627 2717 1672 2739 ex

191 2758 353 2811 testatis:
376 2758 466 2800 quod
494 2758 653 2792 Africani
673 2762 794 2793 mortis
820 2771 900 2794 con·
957 2760 1122 2802 Equestri
1141 2759 1275 2792 Ordine
1293 2759 1424 2800 alebat,
1448 2768 1575 2801 eosque
1590 2769 1673 2791 con-

193 2814 284 2837 scius
299 2812 406 2849 esset,
426 2809 517 2851 quod
546 2810 716 2844 violenter
738 2812 903 2853 gessisset
958 2816 1013 2844 tra
1029 2812 1196 2844 Senatum
1214 2811 1390 2854 appellare
1407 2815 1651 2844 consueverat.
