1878 3132
432 197 541 231 cst.
565 197 634 231 iv.
668 195 733 229 1>ss
768 195 983 227 mamre
1018 195 1069 226 ιΝ
1105 195 1387 228 PARENTES.
1558 185 1651 228 545

164 310 242 342 sus
262 310 313 340 se
335 295 498 339 ducem
522 294 841 351 experirentur.
904 292 1176 347 Frequenter
1205 293 1324 336 enim
1342 293 1456 337 fusis
1477 292 1651 341 exerci-

161 366 285 410 tibus
314 365 498 417 nostris‚
519 363 812 408 victoriarum
841 375 1025 405 suarum
1057 361 1282 417 gradibus,
1313 362 1486 406 aditum
1511 364 1649 420 juxta

161 433 362 479 moenia⁶
391 434 516 478 urbis
536 432 709 476 Volsco
729 432 862 474 militi
892 431 1073 474 struxit.
1134 428 1425 486 Quapropter
1444 432 1649 476 fastidio-

163 517 242 549 sus
261 503 337 546 ille
356 503 402 546 in
422 500 702 546 aestimandis
733 501 865 543 bonis
896 499 989 543 suis
1020 500 1236 555 populuS‚
1258 500 1336 554 qui
1361 513 1437 542 reo
1456 514 1547 543 non
1568 516 1650 558 pe-

161 575 379 628 percerat,
398 571 521 614 exuli
551 574 740 613 coactus
770 574 839 611 est
869 568 1145 624 supplicare.
1205 568 1343 611 Missi
1373 568 1432 612 ad
1451 582 1550 612 eum
1573 571 1648 613 de-

160 640 433 696 precandum
451 639 603 694 legati,
623 638 737 680 nihil
766 638 1083 694 profecerunt.⁷
1140 636 1277 679 Missi
1307 636 1468 679 deinde
1504 651 1651 681 sacer-

160 708 292 752 dotes
312 722 415 751 cum
445 707 614 761 instiliS,
636 720 767 762 aeque
801 707 895 749 sine
926 705 1090 748 effectu
1120 705 1364 749 redierunt.
1423 706 1651 762 Stupebat

160 777 368 827 Senatus,
388 775 650 831 trepidabat
679 774 890 830 populuS,
913 774 998 817 viri
1029 773 1201 828 pariter
1230 787 1285 817 ac
1315 775 1526 818 mulieres
1550 777 1648 819 exi-

159 846 273 889 tium
293 845 533 888 imminens
552 844 951 887 lamentabantur.·
1014 843 1143 885 Tunc
1173 842 1384 895 Veturia,
1417 844 1650 889 Coriolani

159 918 313 966 mater,
334 913 622 956 Volumniam
652 925 843 955 uxorem
873 911 986 967 ejus,
1010 916 1054 954 et
1075 911 1239 954 liberos
1271 925 1422 954 secum
1454 913 1647 966 trahens,

160 987 312 1027 castra
343 982 613 1026 Volscorum
649 982 793 1037 petiit.
855 980 1005 1033 Quam
1039 981 1119 1022 ubi
1152 980 1273 1023 filius
1305 982 1502 1037 aspexit,
1524 985 1537 1003 ‘
1554 983 1649 1025 Ex-

159 1050 401 1107 pugnasti,’
417 1050 433 1075 ⁸
464 1051 625 1106 inquit,
648 1055 662 1074 ‘
679 1056 721 1093 et
751 1051 904 1094 vicisti
928 1050 1042 1092 iram
1066 1062 1226 1101 meam,
1247 1050 1409 1104 patria,
1438 1052 1651 1106 precibus

158 1120 296 1176 hujus
326 1120 546 1163 admotis:
578 1120 710 1176 cujus
738 1125 865 1162 utero
894 1124 953 1170 te,
975 1118 1215 1174 quamvis⁹
1243 1119 1408 1162 merito
1438 1119 1549 1162 mihi
1580 1121 1649 1162 in-

159 1189 323 1240 visum,
345 1188 504 1232 dono:'
534 1190 836 1244 continuoque
858 1188 1112 1231 Romanum
1138 1201 1293 1242 agrum
1311 1188 1553 1231 hostilibus
1579 1202 1648 1233 ar-

160 1257 249 1300 mis
276 1258 499 1302 liberavit.
560 1259 678 1313 Ergo
713 1263 874 1314 peetus
910 1258 1068 1300 dolore
1099 1262 1307 1313 acceptae
1337 1257 1532 1314 injuriae,
1563 1272 1647 1314 spe

160 1325 395 1381 potiundae
442 1326 660 1379 victoriae,
701 1326 981 1369 verecundia
1021 1326 1298 1369 detrectandi
1317 1332 1351 1350 ¹⁰
1399 1326 1648 1379 ministerii,

160 1398 284 1437 metu
313 1395 469 1438 mortis
498 1395 748 1449 refertum,⁸
776 1399 919 1438 totum
949 1396 1036 1438 sibi
1055 1397 1201 1451 pietas
1222 1395 1475 1438 vacuefecit
1490 1404 1521 1439 :⁰
1550 1397 1648 1439 uni-

207 1510 226 1527 ⁶
247 1505 337 1546 Ergo
348 1506 454 1548 pietas
469 1507 635 1540 Coriolani
645 1511 756 1550 pectus
782 1511 883 1541 totum
909 1508 1083 1550 occupavit,
1108 1507 1182 1539 licet
1208 1508 1334 1549 plemam
1355 1511 1387 1539 et
1400 1507 1506 1540 dolore
1519 1507 1649 1549 injurioe

159 1553 298 1590 acceptoe
312 1560 332 1581 a
351 1550 513 1591 Romanis,
528 1554 560 1583 et
573 1561 627 1592 spe
642 1552 786 1584 victorioe
800 1552 977 1585 obtinendae
998 1553 1037 1584 de
1059 1551 1213 1591 ingratis,
1234 1554 1267 1584 et
1280 1550 1469 1584 verecundia
1482 1553 1648 1586 deserendi

161 1591 236 1625 belli
248 1594 398 1636 suscepti,
415 1597 447 1626 et
461 1598 546 1626 metu
559 1595 671 1628 mortis
682 1606 702 1628 a
724 1596 845 1629 Volscis
851 1595 943 1636 forte
957 1595 1020 1629 sibi
1033 1595 1219 1635 inferendae.

779 1693 857 1706 “06
861 1693 878 1706 O
882 1692 1024 1705 ‘OQM

160 1758 262 1787 recte
279 1755 431 1788 restitnit
458 1756 628 1798 Pighius!
650 1759 825 1800 Kapp.-—6
848 1757 1008 1799 Guyetus
1036 1758 1144 1799 malit,
1166 1759 1207 1791 ad
1229 1759 1422 1792 meeum—⁷
1446 1758 1648 1794 Perizonius

161 1806 206 1829 ex
233 1798 362 1839 Copes.
386 1799 472 1841 legit
491 1801 701 1842 profecerant,
722 1807 758 1834 et
785 1802 887 1842 paulo
906 1806 983 1841 post
998 1802 1172 1834 redierant.
1195 1802 1326 1835 Medic.
1344 1806 1378 1835 2.
1395 1808 1432 1836 et
1447 1805 1529 1837 Vet.
1545 1805 1646 1837 omit-

159 1844 239 1873 tunt
265 1843 573 1883 deprecandum—8
595 1844 690 1876 Ante
714 1845 859 1878 verbum
878 1845 1083 1887 Expugnasli
1110 1847 1254 1879 Venett.
1271 1849 1303 1880 4.
1327 1846 1431 1880 Aldd.
1445 1853 1481 1880 et
1498 1858 1575 1890 quae
1593 1858 1645 1885 se—

160 1889 267 1926 cntae‚
292 1886 452 1927 pluscula
467 1887 609 1929 habent,
633 1898 709 1930 quae
728 1889 874 1931 Pighius
889 1889 1082 1929 expunxit:
1107 1890 1180 1922 scil.
1197 1899 1216 1921 e
1234 1890 1308 1922 Liv.
1325 1899 1367 1922 11.
1383 1893 1438 1925 40.
1458 1901 1591 1934 propere
1610 1895 1648 1924 at

159 1937 265 1960 amens
288 1930 403 1962 mati-ic
431 1932 625 1973 complexum
649 1932 756 1973 petiit.
800 1933 865 1964 Illa
886 1942 926 1964 ex
942 1932 1087 1973 precibus
1111 1933 1147 1965 in
1177 1933 1260 1966 iram
1281 1944 1383 1972 versa,
1405 1935 1479 1967 ait:
1502 1935 1581 1967 Sine
1611 1938 1647 1967 ut

156 1971 259 2012 prius,
273 1982 367 2014 quam
381 1975 575 2016 complexum
589 1976 755 2017 accipiam,
777 1975 888 2015 sciam,
906 1985 948 2007 an
959 1978 1001 2007 ad
1015 1977 1146 2017 hostem,
1157 1987 1198 2008 an
1210 1979 1252 2009 ad
1260 1977 1372 2019 filium
1385 1979 1526 2011 venerim
1540 1990 1552 2011 .·
1573 1989 1646 2021 cap·

159 2014 268 2047 tivene
282 2026 325 2048 an
337 2020 439 2049 mater
453 2017 487 2050 in
501 2019 616 2050 castris
632 2019 696 2050 tuis
710 2019 785 2051 sim.
824 2020 865 2051 In
879 2019 936 2051 hoc
951 2029 999 2051 me
1014 2020 1110 2060 longa
1121 2020 1201 2061 vita,
1218 2024 1249 2052 et
1265 2019 1380 2060 infelix
1393 2026 1518 2054 senecta
1529 2024 1648 2062 traxit,

159 2061 196 2089 at
212 2059 336 2091 exulem
350 2060 462 2093 deinde
474 2064 506 2094 te
520 2062 641 2094 hostem
655 2062 793 2095 viderem
804 2060 822 2096 ἰ)
840 2063 976 2104 potuisti
988 2064 1132 2104 populari
1147 2063 1228 2096 hanc
1242 2067 1375 2106 terram,
1390 2076 1459 2107 quae
1480 2069 1513 2098 te
1532 2066 1648 2107 genuit

161 2104 255 2142 atque
277 2101 385 2136 aluit?
406 2104 471 2136 nisi
492 2108 524 2137 te
541 2105 744 2147 peperissem,
764 2106 867 2138 Roma
879 2116 943 2138 vum
958 2110 1214 2148 oppugnaretur:
1235 2109 1396 2149 multaque
1409 2109 1540 2151 insuper
1553 2109 1646 2142 addi-

159 2145 211 2177 dit
222 2146 439 2187 complut-ando
451 2158 462 2180 .·
477 2148 588 2189 quibus
602 2152 632 2180 et
646 2150 758 2181 uxoris
771 2159 808 2182 ac
819 2150 1020 2190 parvulorum
1026 2149 1161 2191 fletibus
1175 2154 1290 2193 motus,
1307 2154 1441 2185 matrem
1455 2152 1646 2195 complexus.

162 2185 252 2220 Haec
269 2189 390 2221 addita
404 2196 506 2223 erant
522 2192 557 2223 in
573 2192 670 2225 Leid.
687 2196 719 2226 4.
741 2197 778 2225 et
798 2193 924 2234 Copes.
940 2193 1051 2225 ceteri
1068 2193 1173 2226 codd.
1189 2204 1267 2226 cum
1286 2195 1371 2228 Vet.
1384 2200 1420 2228 et
1435 2196 1533 2238 Mog-
1550 2197 1648 2238 igno-

159 2235 320 2264 rum—9
342 2233 507 2275 ‘Pighius
520 2235 607 2267 bene
626 2241 761 2269 textum
778 2236 975 2276 constituit,
990 2237 1059 2268 etsi
1075 2237 1192 2270 Periz.
1210 2238 1335 2279 Copes.
1360 2240 1453 2272 Uitr.
1480 2240 1581 2282 prim.
1610 2244 1647 2272 et

159 2278 310 2316 quatuor
327 2276 385 2308 alii
403 2277 487 2311 Mas.
504 2278 678 2311 habeant:
702 2279 842 2320 patriam
862 2280 1008 2321 precibus
1022 2280 1114 2320 hnjue
1129 2282 1278 2321 adunatis,
1302 2282 1391 2322 cujus
1414 2286 1505 2316 utero
1523 2284 1647 2316 delatus

160 2326 243 2358 cum,
259 2319 413 2360 quamvis,
427 2323 481 2361 ᾂτ.
513 2322 594 2354 Vet.
612 2332 689 2354 cum
714 2327 813 2355 textu
840 2329 958 2356 nostro
984 2324 1094 2356 amice
1119 2325 1309 2367 conspirat,
1333 2326 1400 2358 nisi
1419 2326 1512 2369 quod
1538 2327 1647 2359 habet

155 2361 307 2402 patriam,
324 2367 360 2395 et
384 2367 416 2395 te
428 2364 544 2397 delet-¹
567 2366 677 2408 Kapp.
723 2365 825 2400 Quod
843 2368 998 2408 praetulit
1017 2367 1160 2409 Pighius
1175 2369 1210 2399 in
1226 2369 1353 2401 ceteris
1367 2369 1471 2402 codd.
1493 2374 1530 2402 et
1546 2370 1646 2410 Mog.

160 2404 436 2446 reperitur.-—10
458 2407 602 2451 Septem
623 2408 727 2442 codd.
751 2410 898 2444 Torren.
923 2419 1001 2443 cum
1028 2411 1110 2444 vet.
1133 2412 1322 2444 verecundia
1347 2422 1410 2446 non
1434 2414 1645 2456 detrectandi,

831 2496 980 2531 NOTAE

206 2558 227 2579 ⁸
250 2558 317 2592 An.
348 2558 399 2593 M.
426 2562 524 2594 856⁷.
559 2561 618 2594 01.
639 2564 695 2595 73.
715 2565 750 2596 2.
786 2562 877 2597 Urb.
931 2566 1078 2595 mortem
1106 2565 1298 2606 pertinent.
1338 2564 1405 2597 Ubi
1434 2569 1579 2597 matrem
1601 2565 1645 2598 ad

163 2609 206 2642 C.
221 2612 298 2643 266.
338 2610 421 2643 Ant.
438 2611 501 2644 Ch.
516 2615 594 2645 486.
932 2613 1041 2656 pedes
1071 2615 1293 2657 provolutam
1320 2615 1431 2655 videt,
1454 2625 1529 2647 eam
1553 2625 1645 2648 com-

206 2663 222 2681 ·
246 2659 338 2692 Metu
352 2661 465 2694 martie
478 2662 646 2705 refertum]
668 2662 726 2696 Ad
742 2675 785 2698 ea
798 2675 876 2708 quae
931 2665 1067 2706 plexus,
1077 2665 1242 2706 ‘vicisti‚'
1256 2666 1380 2708 inquit,
1398 2666 1407 2684 ‘
1421 2671 1544 2708 mater,
1553 2666 1644 2709 quod

163 2709 208 2742 de
225 2710 494 2755 Coriolanojam
511 2714 671 2757 diximus,
696 2725 763 2748 non
781 2717 877 2759 pige·
931 2727 996 2749 nec
1012 2717 1087 2758 tibi,
1100 2728 1164 2750 nec
1177 2718 1259 2750 mihi
1273 2718 1361 2750 bene
1376 2723 1512 2759 vertet3
1537 2719 1645 2761 patri-

165 2760 217 2793 bit
234 2761 308 2793 haec
325 2762 453 2796 addere
477 2775 601 2806 pauca,
616 2776 694 2808 quae
718 2767 761 2800 ad
786 2768 877 2800 illius
933 2779 985 2801 am
999 2770 1137 2812 quidem
1153 2771 1313 2811 servasti,
1331 2769 1424 2813 pium
1441 2781 1523 2804 vero
1534 2770 1644 2804 filium

254 2815 371 2856 Delph.
384 2821 413 2848 el
438 2818 512 2851 Var.
530 2820 614 2852 Clas.
810 2822 877 2854 Val.
897 2824 988 2855 Max.
1472 2828 1492 2858 2
1516 2826 1554 2858 Μ
