1878 3132
347 179 453 210 cAr.
480 178 573 210 xit.
606 178 811 209 cemus
849 177 1043 208 Aurium
1084 177 1372 218 MAGls'rnls,
1402 169 1483 209 διο.
1561 165 1649 209 793

173 270 273 324 ejus
306 283 460 312 secum
491 274 762 311 sermonem⁵
794 267 989 310 conferre
1025 273 1230 319 conatos,
1265 268 1323 311 ad
1354 268 1647 312 Euclidem⁶⁰

173 338 460 381 Geometram
489 339 551 380 ire
575 337 731 393 jussit,
751 337 954 380 scientiae
987 337 1087 392 ejus
1117 336 1300 388 cedens,
1319 338 1456 380 immo
1481 338 1650 393 profes-

173 406 358 449 sioni.‘¹·

229 476 272 519 2.
303 475 568 520 Gloriantur
587 474 776 519 Athenae
805 475 1148 518 armamentario
1171 488 1280 518 suo:
1325 488 1408 518 nec
1431 476 1527 519 sine
1550 489 1656 520 cau-

173 557 254 598 sa;
284 549 356 587 est
377 545 497 587 enim
517 544 628 588 illud
649 558 768 600 opus
789 550 832 587 et
850 544 1055 599 impensa
1084 548 1129 587 et
1158 544 1383 598 elegantia
1401 545 1657 587 visendum.

174 612 318 668 Cujus
337 613 634 656 architectum
665 613 898 656 Philonem
917 613 982 655 ita
1001 612 1192 655 facunde
1222 613 1440 655 rationem
1469 613 1652 656 institu-

172 682 308 724 tionis
327 695 423 725 suae
443 683 489 725 in
520 682 694 725 theatro
731 681 982 725 reddidisse
1014 686 1208 733 constat,
1243 687 1294 724 ut
1330 682 1654 724 disertissimus

173 750 370 806 populus
389 764 477 793 non
496 752 708 794 minorem
736 751 918 794 laudem
950 752 1215 806 eloquentiae
1253 750 1366 806 ejus,
1397 763 1533 807 quam
1566 750 1653 792 arti

175 820 422 866 tribueret.⁷
1441 828 1449 835 ”

231 888 273 931 3.
306 887 501 931 Mirifice
521 894 567 931 et
586 889 662 931 ille
682 887 883 940 artifex,⁶
920 890 998 945 qui
1019 890 1063 932 in
1086 902 1223 944 opere
1246 902 1329 931 suo
1365 889 1533 930 moneri
1555 901 1604 930 se
1630 901 1659 930 a

175 963 328 999 sutore
344 957 360 982 ⁸
397 958 453 1000 de
473 958 674 1014 crepida,
695 962 740 1000 et
759 959 934 1001 ansulis
947 955 962 982 f
983 972 1165 1013 passus,
1186 958 1242 1000 de
1264 970 1390 1001 crure
1409 959 1543 999 etiam
1566 957 1660 999 di's-

174 1029 331 1080 putare
350 1027 647 1081 incipientem,
670 1040 805 1081 supra
826 1027 1025 1082 plantam
1047 1026 1286 1069 ascendere
1311 1026 1492 1068 vetuit.†

799 1138 1036 1150 omONOW

175 1205 286 1247 ipsum
315 1209 449 1238 textum
478 1206 615 1239 intulit:
640 1210 678 1238 ut
705 1206 936 1248 intelligatur,
962 1206 1140 1239 Valerium
1167 1215 1271 1248 agere
1297 1205 1342 1238 de
1371 1215 1451 1239 arce
1476 1204 1663 1245 Minervae‚

174 1249 400 1282 celeberrimo
416 1254 450 1281 et
467 1249 807 1291 magnificentissimo
823 1250 1039 1284 Athenarum
1065 1249 1223 1283 aedificio.
1269 1250 1399 1281 Verum
1422 1250 1499 1292 quis
1522 1248 1661 1281 dubitet

175 1302 290 1325 arcem
307 1293 476 1325 Minervae
495 1293 570 1336 jam
594 1298 676 1326 ante
691 1293 874 1326 Platonem
891 1295 1051 1327 extitisse
1065 1294 1090 1326 ?'
1120 1294 1224 1327 Vorst.
1248 1294 1258 1311 ‘
1274 1293 1384 1326 Codd.
1411 1293 1564 1327 retinent
1579 1302 1657 1332 arae‚

174 1336 241 1368 nisi
257 1337 346 1377 quod
363 1346 450 1368 nnus
464 1342 524 1369 aut
539 1337 629 1370 alter
643 1337 749 1370 habet
764 1347 827 1379 pro
842 1348 873 1370 v,
891 1338 914 1370 l.
930 1339 1001 1371 viae.
1049 1339 1124 1371 Nec
1137 1337 1290 1370 dubitari
1305 1342 1432 1378 potest,
1445 1336 1528 1379 quin
1542 1336 1664 1377 loqua-

176 1385 234 1412 tur
247 1379 291 1411 de
308 1389 367 1412 ara
383 1379 553 1421 Apollinis
567 1381 601 1413 in
619 1381 725 1422 Delo,
742 1387 780 1413 ut
794 1381 1002 1414 Mitallerius
1019 1381 1203 1424 explicuit,
1217 1382 1246 1413 si
1263 1380 1467 1422 inspiciatur
1486 1379 1663 1413 Plutarch.

175 1423 289 1456 Genio
302 1423 455 1456 Socratis
481 1434 513 1465 p.
533 1427 609 1457 529.
627 1422 699 1457 Ed.
728 1425 862 1461 Franc.’
888 1425 1083 1458 Torum—5
1107 1426 1189 1458 ‘Sic
1217 1430 1362 1467 uterque
1388 1423 1517 1465 Ultraj.
1535 1423 1661 1456 Leidd.

174 1467 286 1510 quint.
302 1473 393 1509 sept.
408 1468 504 1509 Mog.
519 1468 666 1501 Mediol.
681 1473 718 1501 et
733 1468 881 1501 Ascens.
924 1469 994 1501 sed
1017 1470 1139 1510 scripti
1163 1468 1284 1510 reliqui
1307 1478 1384 1500 cum
1408 1468 1498 1500 Ven.
1515 1466 1598 1500 Ald.
1623 1472 1661 1498 et

175 1510 305 1542 ceteris
321 1521 329 1542 ι
353 1513 476 1543 modum
489 1511 668 1551 etsornam
684 1511 750 1551 <jus
763 1522 867 1544 secum
882 1522 1030 1545 sermone.
1078 1513 1157 1545 Non
1174 1512 1316 1544 dubium
1332 1517 1400 1550 est,
1416 1512 1498 1553 quin
1515 1510 1663 1552 Pighius

174 1558 272 1586 recte
290 1554 438 1586 alterum
456 1554 678 1595 praetulerit!
690 1555 858 1588 laem—6
871 1556 928 1588 Ita
943 1565 1062 1588 omnes
1075 1556 1177 1588 codd.
1192 1561 1228 1587 et
1245 1555 1325 1588 edd.
1343 1559 1430 1588 vett.
1450 1554 1663 1586 Mitallerins

175 1607 259 1629 vero
287 1598 424 1629 emend.
447 1599 628 1639 Eudoxum,
654 1609 698 1630 ex
714 1599 981 1632 Plutarcho—⁷
1005 1600 1062 1632 Ita
1075 1601 1221 1632 Torren.
1238 1609 1282 1631 ex
1305 1598 1407 1632 codd.
1424 1603 1459 1631 et
1476 1597 1557 1630 edd.
1574 1602 1662 1630 vett.

177 1641 279 1683 vulga·
296 1642 523 1675 tribuerit—8
549 1642 684 1675 Novem
701 1642 804 1677 codd.
817 1644 960 1675 Torren.
976 1647 1023 1677 est
1046 1645 1081 1676 in
1094 1653 1186 1686 opem
1207 1643 1260 1676 sui
1278 1643 1418 1675 muneris
1431 1652 1451 1675 α
1464 1644 1571 1674 sutore
1583 1651 1638 1674 suo
1654 1652 1668 1680 ‚-

176 1683 304 1726 Ultraj.
320 1691 358 1717 et
373 1686 470 1725 Mog.
487 1685 521 1717 in
535 1696 627 1728 opere
646 1686 698 1718 sui
718 1687 860 1725 monem
885 1686 976 1719 unde
998 1688 1143 1719 Torren.
1170 1687 1263 1729 conj.
1287 1685 1323 1718 in
1348 1696 1439 1728 opere
1461 1687 1511 1717 sui
1525 1685 1664 1718 muneris

175 1729 295 1760 meri
309 1737 363 1766 se,·
387 1729 485 1761 Harl.
501 1729 536 1761 in
553 1739 646 1771 opere
671 1729 722 1762 sui
747 1730 885 1762 numinis
902 1741 956 1763 eas
977 1734 1116 1764 sutorem
1129 1740 1230 1764 suum.
1276 1730 1359 1762 Mox
1383 1731 1477 1763 Dan.
1494 1732 1525 1761 et
1539 1729 1663 1771 quidem

176 1775 316 1804 sutorem
324 1772 364 1805 de
377 1782 451 1806 um
465 1773 629 1815 disputare
640 1773 853 1815 incipientem.

841 1873 985 1906 NOTAE

177 1967 291 1990 arcem
305 1957 397 1990 illam
414 1959 523 1991 multo
537 1963 618 1992 ante
634 1957 817 1991 Platonem
837 1969 894 1990 ex·

177 2014 348 2042 structam
380 2019 456 2043 esse
473 2011 486 2042 ?
508 2020 614 2053 quare
631 2011 804 2053 scriptura
821 2011 894 2043 vul-

178 2066 259 2102 gata
274 2061 356 2093 mihi
372 2061 487 2094 verior
498 2061 649 2103 videtur,
662 2062 713 2094 ita
726 2067 764 2094 ut
778 2062 893 2104 legen-

179 2113 260 2144 dum
271 2113 336 2144 sit:
359 2114 564 2146 conductores
577 2123 677 2145 θαι-να
690 2123 767 2146 aroe.
794 2114 894 2145 Eam-

177 2173 246 2206 que
274 2174 367 2197 aram
397 2164 572 2207 Apollinis
610 2164 716 2198 fuisse
740 2165 775 2198 in
799 2166 893 2198 Delo

178 2216 376 2258 suspicatur
386 2217 608 2249 Mitallerius.

221 2271 235 2287 ⁰
259 2267 312 2298 Ad
333 2267 509 2309 Euclidem]
532 2268 678 2307 Vereor,
695 2272 734 2299 ut
749 2267 823 2300 haec
840 2272 892 2300 to-

179 2323 215 2350 ta
230 2317 376 2350 historia
404 2318 468 2350 sibi
496 2323 658 2350 constare
675 2318 798 2361 possit,
815 2329 892 2351 cnm

181 2369 338 2401 Euclidis
355 2371 449 2402 a’tati
472 2374 556 2401 aetas
574 2369 733 2402 Platonis
754 2369 893 2401 minime

179 2426 345 2462 congruat
362 2432 370 2452 :
395 2421 504 2453 multo
519 2421 611 2452 euim
627 2420 775 2452 Euclide
790 2429 893 2462 supe-

177 2473 247 2504 rior
264 2472 370 2504 Plato
380 2471 460 2504 fuit.
484 2472 568 2503 Erat
578 2472 716 2513 quidem
732 2471 894 2504 Euclides

179 2523 337 2555 Platonis
360 2527 530 2565 tempore,
542 2525 600 2565 qui
622 2522 766 2564 Megara
779 2523 893 2563 singu·

179 2574 220 2605 lis
246 2574 406 2606 noctibus
444 2573 598 2607 Athenas
629 2573 671 2606 ad
713 2575 893 2607 Socratem

180 2624 341 2656 muliebri
366 2629 463 2658 veste
479 2625 634 2658 discendi
651 2635 757 2658 causa
773 2626 892 2659 venire

180 2676 341 2709 solebat:
368 2683 403 2708 at
427 2678 484 2710 ille
508 2678 738 2719 Philosophus
760 2677 839 2718 fuit,
857 2682 894 2711 et

182 2729 439 2771 Megaricorum
481 2729 767 2772 Philosophorum
801 2730 893 2772 prin-

182 2790 277 2822 ceps.
322 2780 484 2812 Euclides
503 2790 582 2812 vero
606 2781 890 2822 Mathematicus,

951 1960 1022 1992 sive
1040 1960 1268 2003 Megarensis‚
1289 1961 1362 1992 sive
1390 1959 1521 1992 Gelous
1547 1957 1666 1995 fuerit,

949 2010 1068 2044 floruit
1095 2016 1194 2044 certe
1210 2011 1394 2044 Ptolemaei
1417 2010 1503 2052 Lagi
1532 2015 1667 2052 tempo·

950 2061 1060 2094 ribus.
1097 2062 1101 2067 '
1118 2062 1210 2096 Quid
1242 2061 1387 2094 Valerio
1429 2061 1463 2092 in
1509 2066 1665 2093 mentem

949 2113 1087 2145 venerit
1103 2113 1169 2145 hoc
1195 2112 1350 2145 scribere
1374 2121 1441 2144 non
1469 2111 1593 2152 video3
1618 2113 1666 2144 vi·

949 2165 1064 2197 derint
1081 2165 1150 2196 alii.

990 2215 1006 2238 <¹
1029 2216 1130 2248 Immo
1143 2215 1348 2258 professioni]
1373 2214 1476 2249 Quod
1494 2215 1571 2257 ipse
1584 2215 1667 2247 Phi-

946 2267 1149 2309 losophiam,
1176 2267 1340 2301 Euclides
1358 2277 1439 2299 vero
1467 2266 1666 2300 Geometri-

947 2328 1000 2350 am
1020 2317 1255 2360 profiteretur.

990 2367 1010 2386 ⁴⁵
1027 2367 1093 2402 An.
1109 2369 1157 2402 Μ.
1175 2371 1275 2402 3696.
1298 2368 1357 2401 Ol.
1375 2372 1453 2401 105.
1470 2370 1502 2399 3.
1520 2367 1606 2400 Urb.
1621 2367 1665 2400 C.

947 2422 1023 2454 395.
1048 2419 1132 2454 Aut.
1147 2421 1209 2454 ch.
1225 2423 1303 2454 857.

991 2476 1006 2493 θ
1028 2473 1074 2504 Et
1084 2472 1138 2504 ille
1158 2472 1297 2514 artifex]
1313 2471 1469 2513 Apelles,
1484 2470 1556 2513 qui,
1571 2475 1663 2503 teste

949 2524 1079 2564 Plinio,
1106 2533 1168 2565 pro
1197 2522 1329 2555 foribus
1357 2522 1426 2554 suis
1465 2531 1574 2564 opera
1605 2531 1668 2554 sua

949 2585 1146 2618 proponere
1161 2579 1400 2615 consueverat,
1419 2578 1455 2606 ut
1473 2573 1561 2616 ipse,
1577 2583 1669 2616 pone

949 2627 1102 2660 tabulam
1130 2626 1284 2667 latitans,
1300 2624 1385 2658 vitia
1400 2634 1476 2667 quae
1494 2635 1513 2656 a
1529 2633 1666 2667 quoque

948 2683 1164 2717 notarentur,
1181 2677 1375 2718 corrigeret
1394 2687 1403 2708 z
1432 2675 1620 2718 feruntque
1644 2686 1666 2708 a

948 2735 1066 2762 sutore
1083 2729 1345 2771 reprehensum,
1359 2728 1450 2770 quod
1463 2728 1497 2760 in
1514 2726 1665 2769 crepidis

951 2791 1017 2813 uua
1033 2781 1125 2813 intus
1142 2779 1326 2823 panciores
1343 2777 1488 2811 fecisset
1502 2778 1637 2811 ansulas
1654 2788 1663 2810 ε
