1878 3132
504 191 612 224 cAP.
635 190 701 222 vi.
735 190 800 222 nn
830 187 1006 221 AMORE
1036 187 1339 221 consutum.
1569 177 1658 222 475

188 289 364 334 uxoriae
385 287 489 332 fidei
501 293 520 313 ⁸¹
549 286 774 344 specimen
794 288 968 330 tantum
981 297 1068 328 non
1080 289 1116 310 ²²
1146 285 1316 329 nostris
1336 288 1528 330 ostentet
1546 297 1657 331 ocu·-

187 358 263 411 lis,
282 357 490 414 plurimis
511 363 558 400 et
575 356 786 400 maximis
821 355 981 412 patriae
1013 367 1108 399 suae
1138 354 1349 399 laudibus
1369 354 1658 400 admiratione

187 426 297 472 facti
318 421 696 484 comparandum!

247 495 455 554 Minyae,⁰
483 505 671 552 quorum
691 495 815 550 origo
835 507 896 538 ex
926 494 1096 551 inclyto
1117 493 1343 538 sociorum
1362 492 1393 536 J
1397 493 1551 539 asonis
1572 506 1658 536 nu-

188 578 312 609 mero
334 565 621 609 Lemniorum
640 564 853 608 ininsula
865 568 882 597 Ρ
910 567 1149 619 concepta,
1162 576 1252 619 -per
1271 562 1448 618 aliquot
1468 562 1660 606 saeculo-

188 648 286 678 rum
305 635 427 678 vices
447 634 603 678 stabili
634 634 682 676 in
715 632 822 677 sede
852 636 1091 685 manserat,
1126 645 1155 676 a
1195 631 1400 686 Pelasgis
1414 635 1448 662 ²³
1479 630 1661 687 expulsi

189 704 340 756 armis,
362 704 527 748 alienae
557 703 660 760 opis
690 702 846 757 indigi,
877 702 1062 746 excelsa
1091 701 1388 758 Taygetorum
1422 701 1631 745 montium
1646 705 1663 731 ‘¹

182 773 296 830 juga
327 774 554 830 supplices
581 776 930 829 occupaverant.
990 769 1123 824 Quos
1155 771 1381 826 Spartana
1411 770 1574 813 civitas
1594 782 1663 813 re-

191 846 398 899 spectum
425 842 795 898 Tyndaridarum,
823 839 1036 897 (namque
1064 840 1110 882 in
1143 839 1222 881 illo
1243 839 1406 881 nobilis
1433 838 1566 882 famae
1585 851 1664 882 na-

189 912 310 967 vigio
328 911 597 954 destinatum
622 910 847 953 sideribus
867 922 950 965 par
979 908 1163 951 fratrum
1191 906 1416 964 fulserat,)
1445 907 1663 950 deductos

190 980 294 1025 inde
313 981 490 1036 legibus
513 979 853 1035 commodisque
876 979 972 1023 suis
990 977 1267 1023 immiscuit!
1282 982 1316 1009 ²⁵
1355 975 1445 1020 Sed
1462 975 1548 1021 hoc
1567 980 1664 1020 tan-

190 1053 291 1096 tum.
303 1049 568 1095 beneficium
599 1050 647 1093 in
678 1049 886 1105 injuriam
916 1049 1033 1091 bene
1054 1048 1222 1092 meritae
1243 1047 1383 1101 urbis,
1405 1058 1582 1102 regnum
1599 1044 1664 1088 af-

230 1199 246 1228 !
269 1199 345 1233 Non
358 1201 457 1233 solum
471 1197 828 1243 maximumfidelitatie
840 1196 964 1230 οιτον-ἕω
979 1198 1155 1240 exemplum
1169 1196 1259 1230 nobis
1272 1198 1428 1229 ostentet.-
1450 1195 1505 1228 sed
1518 1194 1616 1228 etiam
1628 1193 1667 1226 ob

184 1242 272 1284 facti
291 1244 512 1287 proestantiam
532 1243 753 1283 conferendum
772 1251 843 1274 cum
857 1240 950 1274 rebus
963 1242 1129 1283 proeclaris
1142 1241 1178 1274 in
1192 1241 1294 1283 ipsius
1306 1240 1414 1283 patria
1425 1239 1537 1281 gestie.

231 1286 254 1309 ὖ
277 1288 414 1331 Minyoe,
436 1288 489 1330 qui
504 1287 636 1320 trahunt
658 1287 813 1328 originem
827 1285 867 1317 ab
882 1285 1012 1327 inclytis
1036 1285 1131 1317 sociis
1150 1286 1292 1324 Jasonis,
1313 1287 1344 1317 et
1371 1284 1407 1316 in
1432 1283 1534 1316 insula
1549 1281 1668 1313 Lemno

192 1331 327 1372 Romilio
341 1332 464 1374 excepti
486 1341 542 1373 per
554 1332 672 1373 aliquot
688 1331 804 1363 soecula
824 1329 871 1360 ibi
891 1329 962 1360 sede
975 1328 1086 1360 stabili
1100 1332 1300 1365 maumam,-
1324 1329 1398 1359 inde
1413 1338 1432 1359 a
1447 1326 1595 1366 Pelasgis
1609 1335 1664 1357 ex-

190 1375 298 1416 pulsos
318 1376 418 1408 armis
429 1375 499 1407 illoc
514 1374 743 1407 Lacedaemonii
757 1376 940 1414 receperant
964 1372 1002 1403 ob
1026 1373 1183 1413 honorem,
1207 1382 1266 1414 quo
1286 1372 1449 1403 Castorem
1460 1374 1491 1403 et
1507 1370 1667 1402 Pollucem

191 1418 457 1462 prosequebantur
468 1429 482 1457 ‚·
503 1429 576 1451 nam
590 1419 649 1450 duo
663 1418 712 1450 illi
730 1417 868 1457 fratres,
880 1417 967 1448 inter
976 1419 1066 1448 astra
1080 1417 1242 1458 aliquanto
1251 1418 1322 1458 post
1337 1415 1518 1454 collocandi,
1530 1413 1666 1453 fuerant

193 1461 290 1494 etiam
303 1462 339 1494 in
353 1463 442 1503 Argo
457 1463 533 1494 navi
546 1463 602 1495 illa
625 1461 763 1494 omnium
775 1460 903 1503 scriptia
915 1459 1186 1498 celebratissima,-
1208 1463 1238 1492 et
1254 1469 1295 1492 ex
1311 1458 1379 1491 iltis
1392 1458 1549 1491 omatibus
1561 1465 1669 1490 evoca-

194 1507 244 1539 tu
257 1505 451 1539 admiserunt
466 1505 500 1538 in
514 1506 620 1539 omnia
633 1515 699 1538 suoe
713 1503 941 1543 civitatisjura
955 1507 986 1535 el
1000 1504 1168 1536 commoda.

811 1600 927 1614 ‘uteo
933 1599 1053 1616 ‘eecce

193 1669 498 1712 Hipsicratea.-22
520 1670 635 1702 Voces
647 1672 773 1702 tantam
786 1679 848 1702 non
863 1670 971 1711 ejecit
987 1668 1143 1711 Pighius,
1165 1676 1314 1709 eumque
1329 1664 1440 1698 secuti
1457 1667 1539 1696 sunt
1552 1661 1670 1696 Coler.

193 1714 299 1756 Thya.
318 1714 498 1755 et'Delph.
522 1718 559 1746 at
570 1713 730 1746 Vorstius
747 1714 923 1754 restituit3
946 1713 1031 1746 licet
1046 1714 1081 1744 in
1105 1711 1208 1744 codd.
1233 1709 1412 1751 Pighianis
1434 1714 1469 1740 et
1489 1708 1669 1750 plerisque

193 1756 316 1791 Leidd.
334 1757 516 1791 deleantur
532 1768 541 1789 ι
565 1762 688 1790 extant
704 1758 796 1790 clare
811 1757 845 1789 in
869 1767 937 1790 uno
952 1755 1083 1789 Brund.
1107 1755 1234 1797 Copes.
1261 1754 1382 1787 Rhem.
1399 1755 1430 1785 1.
1446 1754 1478 1786 2.
1494 1754 1527 1785 3.
1554 1750 1670 1782 Bitur.

194 1803 228 1834 1.
243 1803 276 1835 2.
291 1804 327 1835 et
341 1801 446 1835 Barb.
461 1803 492 1833 1.
536 1800 608 1833 Pro
634 1804 758 1833 tantum
782 1811 844 1834 non
858 1801 942 1833 Vel.
969 1809 1056 1832 uuus
1079 1797 1211 1831 Brand.
1239 1796 1367 1838 Ultraj.
1395 1799 1424 1829 1.
1449 1797 1482 1827 2.
1509 1800 1546 1826 et
1572 1794 1669 1843 Mog.

193 1843 324 1877 habent
335 1854 428 1877 nunc.
473 1845 559 1877 Mox
574 1845 657 1878 Vct.
667 1844 736 1885 sati
752 1854 815 1885 pro
822 1843 1010 1884 facti.-23
1034 1842 1145 1876 Codd.
1164 1851 1285 1873 novem
1302 1846 1337 1873 et
1351 1840 1445 1881 Mog.
1460 1849 1481 1871 a
1499 1836 1669 1878 Pelagzcin.

194 1887 356 1923 Quatuor
370 1899 389 1920 a
406 1887 593 1928 Pelasgicis,
617 1894 653 1920 et
667 1889 716 1920 sic
731 1888 815 1920 Vet.
831 1897 909 1920 cum
925 1887 1089 1929 vulgatis.
1134 1884 1281 1926 Pelasgis
1301 1883 1486 1917 'l'orrenius
1513 1882 1549 1914 in
1577 1881 1671 1912 nullo

194 1931 315 1965 codice
332 1932 476 1973 invenit,
498 1932 588 1964 {iude
599 1932 776 1966 Valerium
799 1931 981 1973 scripsisse
1007 1930 1199 1963 hariolator
1215 1927 1392 1969 Pelasgicis
1418 1925 1542 1969 expulsi
1562 1924 1671 1957 armis.

197 1974 289 2008 Nam
315 1980 352 2008 et
369 1976 518 2017 Pelasgos
542 1976 634 2018 ipsos
663 1974 841 2015 Pelasgicos
866 1975 994 2007 dixisse
1010 1974 1184 2007 valerium
1206 1972 1274 2014 ipsi
1300 1981 1367 2003 non
1393 1976 1446 2003 est
1469 1968 1670 2002 verisimile.

196 2017 271 2051 Pro
284 2019 390 2060 indigi
405 2020 488 2051 Vet.
503 2020 781 2060 indigentem—24
807 2018 941 2051 Winck.
969 2018 1066 2051 Leid.
1089 2021 1121 2049 5.
1143 2017 1273 2058 Ultraj.
1301 2018 1335 2047 2.
1357 2014 1454 2047 Leid.
1479 2016 1512 2046 7.
1537 2011 1671 2044 recenti

196 2070 313 2103 manu,
328 2063 411 2095 Vet.
425 2069 461 2095 et
481 2063 575 2105 Mog.
597 2062 715 2104 recepit
734 2066 899 2104 respectu:
923 2061 980 2094 alii
1003 2061 1121 2104 recepit
1148 2064 1229 2102 post
1254 2058 1509 2102 Tyndaridarum
1529 2058 1672 2100 ponunt.

195 2106 446 2138 ‘Parenthesis
473 2112 553 2148 post
580 2107 835 2149 Tyndaridarum
864 2105 1071 2145 inchoanda,
1106 2114 1184 2137 cum
1212 2102 1369 2135 efficeret
1398 2107 1438 2133 ut
1465 2098 1671 2143 praecedens

198 2149 361 2190 periodus
386 2151 564 2182 videretur
591 2150 798 2190 claudicare,
830 2159 967 2182 causam
1003 2148 1167 2191 praebuit,
1195 2152 1235 2178 ut
1263 2146 1381 2188 recepit
1410 2143 1674 2177 intruderetur!

199 2192 395 2235 Kapan—25
419 2194 516 2226 Unus
533 2193 663 2226 Brand.
680 2193 808 2235 Ultraj.
824 2196 854 2224 1.
882 2198 919 2225 et
934 2193 1018 2225 Vet.
1043 2191 1336 2225 comminuite-26
1358 2189 1416 2222 lta
1440 2198 1485 2221 ex
1510 2186 1673 2219 undecim

864 2294 1007 2329 NOTIE

241 2389 256 2406 ¹¹
283 2384 415 2418 Uxorioe
429 2383 528 2427 fidei]
553 2382 744 2424 Chelonim,
775 2381 911 2414 Cleom-
965 2380 1080 2424 potius
1091 2374 1676 2422 MagnesiaeinThessalia,Jasouio

198 2436 291 2470 broti
318 2436 424 2478 Regis
452 2445 607 2476 uxorem,
632 2439 668 2467 et
693 2434 855 2469 Leonidoe
871 2433 912 2466 fi·
965 2434 1047 2469 olim
1062 2433 1219 2466 comites.

199 2489 293 2530 liam,
309 2487 462 2521 indicare
479 2487 638 2521 videtur:
662 2497 740 2530 quoe
757 2491 794 2521 et
810 2487 911 2520 mari·
945 2486 956 2497 ’
1008 2491 1025 2514 Ρ
1039 2485 1241 2519 Lemniorum
1253 2483 1288 2516 in
1303 2481 1422 2525 insuta]
1434 2480 1544 2514 Maris
1555 2479 1677 2521 AEgoei,

200 2544 274 2572 tum
302 2545 338 2572 et
366 2544 500 2581 patrem
528 2539 562 2571 iu
586 2539 739 2579 exilium,
761 2539 910 2571 alterum
965 2536 1124 2571 fabuloso
1160 2535 1310 2568 Vulcani
1347 2535 1446 2577 lapsu
1478 2533 1675 2566 nobilitata.

202 2592 247 2624 ab
275 2592 384 2624 altero
409 2591 552 2623 diversis
582 2590 793 2632 temporibus
819 2590 910 2632 ejec-
968 2589 1079 2621 Hodie
1093 2587 1278 2620 statimne.

200 2648 286 2684 tum,
307 2642 487 2684 utriusque
513 2642 546 2673 in
570 2642 667 2674 luctu
695 2651 810 2674 comes
828 2642 911 2675 assi·
1008 2645 1023 2668 ¹³
1039 2641 1248 2682 Taygetorum
1261 2635 1429 2678 montium]
1445 2636 1583 2668 Montes
1596 2639 1677 2667 sunt

199 2694 267 2726 dua
292 2698 413 2726 secuta
443 2700 508 2735 est,
531 2698 569 2726 ut
598 2693 720 2726 scribit
751 2694 852 2726 Plut.
876 2694 911 2725 in
968 2692 1127 2726 Laconiae
1151 2692 1243 2723 inter
1260 2688 1513 2721 Lacedaemona
1528 2692 1564 2721 et
1580 2697 1676 2720 mare

202 2743 330 2786 Agide.
965 2742 1081 2788 positi.
1126 2742 1230 2776 Nune
1248 2740 1374 2773 Porta.

245 2799 261 2815 ⁰
292 2795 430 2838 Minyae]
462 2795 651 2830 'l'hessaliae
682 2796 814 2839 populi,
849 2800 910 2830 aut
