1878 3132
431 193 539 225 cAr.
559 193 595 226 1.
626 192 692 225 DE
727 191 968 224 nuxunm
1004 192 1066 223 u'r
1101 191 1350 224 mamma.
1539 178 1627 222 823

143 292 282 336 dedit.
333 291 440 344 Quo
477 296 683 347 tempore
714 294 934 334 matronae
969 290 1209 332 Brutorum
1243 286 1448 332 domumj
1499 301 1628 332 ausae

144 366 250 406 sunt
268 361 493 414 obsidere,
513 362 592 417 qui
625 359 909 415 abrogationi
924 364 959 383 ¹0
988 358 1105 414 legis
1127 355 1326 414 Oppiae*
1356 357 1630 401 intercedere

142 432 290 487 parati
309 436 453 483 erant,
475 444 610 487 quam
634 429 834 473 foeminae
869 428 969 472 tolli
1009 427 1284 483 cupiebant:
1316 427 1425 482 quia
1455 427 1527 469 his
1548 439 1630 470 nec

145 503 273 544 veste
296 501 410 543 varii
431 501 593 543 coloris
626 499 711 552 uti,
744 512 829 542 nec
863 499 960 542 auri
994 498 1103 554 plus
1128 496 1377 539 semiuncia
1393 501 1424 521 ¹¹
1457 496 1633 546 habere,

143 581 228 613 nec
257 568 650 626 juncto-vehiculo
682 568 871 625 propius
893 567 1061 611 Urbem
1091 565 1216 608 mille
1236 577 1416 621 passuS,
1447 564 1538 606 nisi
1559 577 1633 607 sa-

145 637 304 681 crificii
321 637 481 693 gratia,
502 638 604 680 vehi
626 637 936 692 permittebat.
978 636 1036 678 Et
1056 635 1239 691 quidem
1256 638 1289 658 ¹²
1321 630 1636 685 obtinuerunt‚¹

143 711 196 750 ut
228 706 308 763 jus
342 719 422 762 per
454 706 697 749 continuos
719 705 879 760 viginti
916 718 1059 748 annos
1091 707 1316 747 servatum
1347 702 1634 746 aboleretur.‡

143 775 252 819 Non
271 775 391 833 enim
410 774 701 831 providerunt
731 774 892 817 saeculi
926 773 1050 817 illius
1081 774 1181 825 viri,
1213 773 1272 816 ad
1304 785 1440 828 quem
1461 771 1634 814 cultum

143 843 388 888 tenderet¹³
418 844 589 887 insoliti
622 846 768 887 coetus
804 844 1011 899 pertinax
1051 843 1277 897 studium;
1329 847 1409 884 aut
1448 853 1542 897 quo
1584 853 1634 883 se

145 926 292 970 usque
313 913 509 956 effusura
539 918 660 956 esset
687 912 836 967 legum
857 912 1021 955 victrix
1044 911 1255 955 audacia.
1317 909 1456 963 Quod
1477 910 1517 952 si
1538 909 1637 953 ani-

142 983 206 1026 mi
227 983 458 1040 muliebris
478 986 698 1039 appartus
722 981 881 1025 intueri
902 982 1218 1037 potuissent,¹4
1246 981 1412 1037 quibus
1433 979 1636 1035 quotidie

143 1051 316 1108 aliquid
336 1052 549 1095 novitatis
570 1052 847 1095 sumtuosius
869 1051 1099 1107 adjectum
1120 1055 1207 1103 est,
1230 1051 1278 1093 in
1309 1051 1414 1106 ipso
1447 1049 1634 1093 introitu

142 1121 293 1164 ruenti
308 1121 502 1164 luxuriae
524 1121 822 1163 obstitissent.

207 1189 298 1232 Sed
319 1189 431 1246 quid
452 1203 537 1245 ego
558 1189 614 1232 de
633 1189 830 1233 foeminis
850 1188 1044 1232 ulterius
1065 1189 1226 1245 loquor
1241 1189 1259 1231 ‘i
1277 1193 1307 1219 ¹⁵
1340 1202 1455 1244 quas
1483 1193 1530 1232 et
1554 1189 1636 1231 im-

143 1258 368 1302 becillitas
402 1259 583 1310 mentis,
618 1263 664 1307 et
704 1258 957 1313 graviorum
989 1271 1177 1314 operum
1212 1262 1376 1312 negata
1405 1257 1635 1301 affectatio

144 1341 275 1370 omne
292 1328 491 1371 studium
513 1327 570 1370 ad
593 1327 887 1370 curiosiorem
901 1328 969 1369 sui
992 1327 1166 1369 cultum
1186 1326 1386 1370 hortatur
1406 1327 1635 1380 conferre3

145 1410 249 1441 cum
269 1399 516 1453 temporum
545 1397 825 1452 superiorum
844 1400 889 1439 et
909 1397 1108 1439 nominis
1129 1401 1174 1440 et
1193 1397 1331 1439 animi
1362 1397 1634 1440 excellentes

145 1467 282 1518 viros,
303 1466 350 1508 in
368 1466 456 1509 hoc
477 1467 640 1522 priscae
663 1467 948 1509 continentiae
970 1467 1171 1522 ignotum
1200 1466 1511 1510 diverticulum
1532 1479 1636 1522 pro-

144 1535 302 1592 lapsos
322 1534 517 1579 videam.
577 1536 722 1592 quue
736 1536 890 1592 jurgio
911 1536 1116 1591 ipsorum
1135 1539 1318 1591 pateat.⁶

144 1661 153 1666 “
186 1664 199 1680 ⁴²
221 1659 316 1694 Viros
328 1662 514 1695 excellentes
527 1661 650 1694 videam
661 1660 824 1703 prolapsos
836 1662 871 1693 in
884 1661 1047 1694 luxuriam
1060 1662 1203 1703 ignotam
1214 1661 1329 1703 priscis
1341 1660 1494 1694 Romanis
1505 1669 1636 1693 summoe

142 1704 346 1738 continenliae
361 1706 463 1744 vit-iu
485 1706 566 1748 quod
577 1715 639 1738 non
654 1705 722 1737 sine
735 1705 873 1737 convitio
889 1705 1066 1748 aliquorum
1079 1705 1226 1738 narrabo.

766 1804 923 1817 eeoeeeeo
928 1805 1009 1817 0600

140 1871 274 1903 hanstae
291 1875 373 1904 sunt
393 1881 483 1904 arcae
501 1871 537 1903 in
561 1871 726 1913 parandis
741 1871 928 1905 luxuriosis
956 1873 1077 1906 coenis.
1082 1871 1288 1905 ’Torren.—
1296 1875 1337 1904 lo
1361 1870 1505 1921 Aliquot
1530 1869 1635 1903 codd.

144 1915 243 1956 abr-og
243 1914 407 1954 πᾶσινηη
434 1915 532 1948 Harl.
549 1921 587 1948 et
603 1915 728 1958 Copes.
746 1915 780 1948 in
799 1916 1028 1968 abrogastonae
1052 1917 1180 1959 Ultraj.
1199 1920 1231 1948 1.
1252 1926 1312 1958 pro
1327 1914 1543 1956 abrogatione.
1545 1916 1633 1945 -11

139 1958 285 2001 Septem
301 1958 404 1991 codd.
418 1968 496 1991 cum
509 1959 591 1992 Vet.
608 1964 645 1992 et
669 1960 766 2001 Mog.
792 1962 1008 1993 semiunciam.
1052 1960 1145 1992 Vide
1162 1960 1285 1992 Heius.
1302 1961 1422 1991 Burm.
1440 1963 1478 1992 et
1496 1957 1633 1990 Ruhnk-

141 2002 185 2034 ad
202 2002 294 2035 Vell.
311 2011 353 2034 ιι.
370 2005 402 2035 1.
416 2004 449 2035 4.
479 2002 564 2035 Mox
580 2002 683 2036 codd.
697 2013 775 2036 cum
790 2005 872 2037 Vet.
890 2005 988 2046 Mog.
1003 2009 1042 2037 et
1070 2004 1218 2037 Mediol.
1233 2004 1319 2036 mille
1333 2013 1445 2045 passus
1458 2002 1634 2041 retinent3

139 2045 202 2078 sed
217 2045 360 2079 Venett.
386 2045 491 2078 Aldd.
507 2046 618 2079 Colin.
635 2046 771 2089 Gryph.
785 2052 822 2080 et
839 2015 1062 2090 Step11.gmiue
1084 2047 1242 2089 passibus.
1244 2050 1331 2079 -12
1356 2046 1512 2088 Equidem
1528 2045 1635 2088 pleri·

142 2099 208 2132 que
225 2089 326 2122 codd.
369 2090 455 2122 Mox
469 2089 666 2122 observatum
681 2091 755 2133 Cop
759 2101 809 2123 es.
826 2096 862 2123 et
880 2092 1002 2124 Leidd.
1019 2095 1053 2124 2.
1069 2095 1102 2124 6.
1105 2094 1190 2124 —13
1218 2091 1346 2134 Ultraj.
1368 2094 1400 2123 1.
1428 2091 1632 2128 intenderet,
1626 2100 1635 2109 ·

140 2134 269 2175 Copes.
284 2133 443 2174 redderet,
467 2138 504 2166 et
520 2134 625 2175 paulo
641 2139 722 2176 post
737 2135 832 2167 delet
847 2145 944 2178 usque
948 2138 1045 2168 .—14
1073 2135 1171 2168 Harl.
1186 2135 1354 2178 potuisset.
1356 2136 1442 2166 —15
1467 2134 1534 2167 Sed
1555 2133 1633 2175 quid

140 2176 222 2216 des.
243 2187 275 2211 ιι.
290 2175 426 2219 loquar?
448 2176 485 2209 in
501 2177 645 2218 eodem;
668 2179 755 2211 ultra
770 2179 881 2221 loquar
897 2179 982 2213 Vet.
1009 2180 1095 2212 Tum
1113 2179 1220 2212 Barb.
1238 2181 1270 2213 1.
1285 2183 1322 2212 et
1338 2178 1439 2212 Leid.
1455 2181 1489 2212 2.
1515 2180 1633 2219 negata

821 2278 964 2311 NOTAE

181 2342 193 2371 J
209 2344 388 2376 Brutorum
402 2343 543 2385 domum]
561 2343 609 2376 M.
621 2347 660 2376 et
674 2344 722 2377 D.
733 2345 860 2377 Bruto·
915 2345 1098 2388 aditusque
1111 2346 1145 2378 in
1162 2344 1276 2378 forum
1290 2343 1514 2382 obsidebant;
1538 2352 1633 2375 cum-

142 2405 232 2435 rum,
249 2395 307 2438 qui
325 2402 397 2426 tum
414 2399 518 2427 erant
533 2394 682 2428 Tribuni
700 2395 823 2437 plebis,
915 2407 981 2439 que
998 2402 1035 2430 et
1047 2397 1100 2430 M.
1113 2397 1203 2430 Cato
1218 2396 1360 2436 Consul,
1374 2399 1410 2428 et
1420 2394 1524 2426 Bruti
1536 2394 1633 2427 Trib.

183 2447 198 2469 ¹⁸
221 2447 319 2489 Legis
346 2447 477 2490 Oppioe]
513 2448 624 2482 Quam
656 2449 787 2481 tulerat
817 2449 857 2482 C.
913 2457 958 2480 ne
987 2456 1030 2480 ea
1053 2447 1111 2479 lex
1135 2447 1379 2488 abrogaretur,
1404 2445 1632 2487 obsisterent,

141 2499 278 2542 Oppius
293 2499 467 2532 Tribunus
483 2500 608 2542 plebis,
623 2501 668 2536 Q.
698 2501 806 2533 Fabio
822 2507 858 2535 et
913 2510 982 2533 uno
1012 2500 1151 2542 agmine
1178 2507 1296 2531 omnes
1324 2496 1554 2529 Tribunorum
1574 2497 1631 2539 ja·

138 2552 177 2584 T.
193 2551 398 2594 Sempronio
415 2551 512 2585 Coss.
536 2551 618 2584 dum
634 2552 781 2585 maxime
805 2562 856 2585 ar·
912 2561 998 2584 uuas
1019 2551 1247 2590 obsederunt,
1265 2549 1326 2591 qui
1353 2547 1526 2590 rogationi
1551 2547 1630 2581 Col-

140 2602 243 2635 deret
258 2602 360 2635 ltalia
375 2603 468 2636 bello
492 2603 628 2636 Punico
643 2604 812 2637 secundo.
913 2604 1069 2645 legarum
1095 2600 1385 2639 intercedebant3
1401 2609 1465 2632 nec
1479 2603 1559 2631 ante
1572 2600 1632 2632 ab·

185 2652 191 2674 ¹
216 2654 259 2686 Ει
290 2653 415 2695 quidem
437 2654 657 2696 obtinuerunt]
682 2655 854 2688 Matronae
913 2655 1092 2693 stiterunt,
1121 2662 1223 2695 quam
1250 2651 1394 2684 remissa
1420 2651 1628 2685 intercessio

139 2706 247 2746 nulla,
271 2714 336 2737 nec
354 2706 579 2743 auctoritate,
607 2717 672 2739 nec
689 2716 854 2739 verecun·
913 2718 932 2739 a
946 2705 1108 2738 Tribunis
1131 2709 1199 2737 est.

141 2755 211 2796 dia,
239 2765 303 2788 nec
332 2755 476 2797 imperio
508 2755 657 2790 virorum
681 2757 854 2790 contineri
956 2762 971 2795 ss
996 2756 1065 2789 Au.
1082 2757 1133 2788 M.
1148 2758 1246 2788 385⁰.
1284 2755 1342 2788 Ol.
1366 2757 1439 2787 146.
1462 2757 1495 2788 2.
1535 2754 1624 2788 Urb.

140 2808 258 2841 limine
286 2813 472 2851 poterant;
513 2819 629 2842 omnes
656 2810 728 2843 vias
761 2810 855 2843 urbis
913 2809 1045 2842 C.558.
1079 2808 1164 2842 Ant.
1181 2809 1243 2841 Cli.
1258 2810 1331 2841 194.
