1878 3132
190 162 277 205 466
585 169 792 207 vannum
828 170 1023 203 ΜΑΧιΜι
1058 169 1247 212 ΜΒ..ιῆ

190 283 312 312 mum
346 270 417 312 sui
449 269 758 312 documentum
794 268 927 311 etiam
958 268 1037 310 illo
1073 267 1170 310 die⁷
1202 266 1435 320 exhibuit,⁰
1466 281 1557 323 quo
1593 268 1647 310 L.

191 339 470 382 Flamininus
486 338 503 363 ὓ
531 342 732 381 extrema
750 338 795 379 in
814 344 939 393 parte
959 337 1115 380 theatri
1142 337 1362 390 constitit3
1394 337 1502 391 quia
1530 350 1558 379 a
1579 335 1645 378 M.

190 406 360 451 Catone
380 412 425 449 et
445 407 496 449 L.
518 407 686 450 Flacco
708 408 966 449 censoribus
987 409 1141 448 senatu
1170 410 1319 447 motus
1348 405 1508 456 fuerat,
1539 418 1647 448 con-

190 475 362 518 sulatus
388 476 485 531 jam
512 476 676 519 bonore
697 476 964 527 defunctus‚⁸
994 476 1129 518 frater
1163 475 1300 517 etiam
1318 474 1372 516 T.
1408 474 1648 517 Flaminini

190 544 485 597 Macedoniae,
506 545 792 599 Philippique
808 545 1003 587 victoris.
1064 543 1228 585 Omnes
1250 543 1364 584 enim
1380 556 1481 584 eum
1501 547 1647 585 trans-

187 612 251 654 ire
270 613 318 654 in
336 612 482 654 locum
502 612 700 666 dignitati
721 625 814 655 suae
835 613 1031 654 debitum
1052 610 1318 665 coegerunt.†

244 680 286 722 2.
318 679 541 738 Confregit
570 681 886 735 rempublicam
919 679 1155 721 Terentius
1193 678 1369 721 Varro⁹
1400 678 1647 723 Cannensis

187 761 350 804 pugnae
374 748 600 790 temerario
618 748 853 801 ingressu!⁴
905 747 1032 790 Idem
1065 747 1257 789 delatam
1289 748 1427 789 sibim
1455 748 1513 790 ab
1546 749 1646 791 uni-

187 830 314 859 verso
335 819 489 858 senatu
518 819 562 858 et
582 815 749 870 populo
772 815 1042 858 dictaturam
1061 815 1257 871 recipere
1273 820 1288 839 ⁶
1315 827 1404 858 non
1424 817 1644 860 sustinen-

187 884 260 937 do,
281 885 448 939 pudore
470 884 647 939 culpam
666 884 876 927 maximae
906 885 1048 927 cladis
1069 884 1256 927 redemit
1273 892 1311 927 :⁶
1342 884 1574 940 effecitque
1594 890 1646 928 ut

187 954 310 995 acies
325 958 355 978 ¹¹
388 952 586 996 Deorum
606 952 700 1003 irae,
720 952 942 1007 modestia
961 953 1107 1008 ipsius
1126 953 1323 995 moribus
1345 953 1646 1007 imputaretur.

187 1020 344 1075 Itaque
358 1020 485 1063 titulo
502 1020 710 1073 imaginis
729 1019 824 1075 ejus
837 1021 1093 1076 speciosius
1107 1033 1195 1063 non
1206 1026 1392 1077 recepta
1407 1022 1643 1073 dictatura,

184 1100 318 1143 quam
339 1088 521 1131 aliorum
541 1093 668 1143 gesta
688 1089 851 1131 ascribi
871 1092 1054 1144 potest.‡

240 1156 282 1198 3.
313 1155 415 1198 Nos
435 1161 582 1199 autem
604 1156 661 1199 ad
692 1157 954 1211 praeclarum
971 1162 1004 1182 ¹2
1034 1158 1315 1200 verecundiae
1352 1170 1466 1214 opus
1504 1163 1645 1202 trans-

183 1224 445 1280 grediamur.
504 1224 671 1279 Magna
691 1237 793 1267 cum
812 1225 982 1268 invidia
1002 1227 1180 1269 fortuna
1199 1227 1423 1282 praetoriis
1449 1229 1644 1273 comitiis

183 1291 382 1334 Africani
404 1293 643 1348 superioris
664 1292 806 1334 filium
837 1293 918 1336 Gn.
941 1294 1213 1349 Scipionem,
1234 1299 1279 1337 et
1301 1296 1492 1338 scribam
1514 1295 1644 1339 Cice—

183 1361 323 1402 reium
346 1361 391 1402 in
412 1373 618 1416 campum
639 1360 908 1414 deduxerat;
924 1363 942 1387 ‘²
970 1368 1109 1419 utque
1141 1363 1272 1404 nimis
1303 1363 1528 1418 impotens
1549 1376 1641 1406 ser·

182 1441 310 1470 mone
333 1429 453 1483 vulgi
473 1430 751 1484 carpebatur,
772 1431 892 1485 quod
912 1433 1024 1474 tanti
1054 1431 1138 1475 viri
1169 1431 1429 1486 sanguinem
1460 1432 1642 1474 cliente-

224 1597 239 1612 α
258 1590 358 1623 Dedit
371 1592 526 1633 publicum
540 1592 636 1626 etiam
649 1594 702 1626 illo
717 1595 768 1627 die
783 1598 997 1629 documentum
1012 1607 1077 1629 suoe
1091 1597 1294 1629 verecundia».

222 1633 237 1655 θ
262 1634 372 1674 Fregit
387 1646 458 1676 opes
474 1636 664 1677 Reipublicoe
676 1648 784 1678 pugna
796 1640 878 1682 apud
896 1639 1020 1672 Cannas
1035 1643 1149 1672 temere
1163 1639 1338 1672 commissa.

221 1682 235 1698 ⁰
261 1677 449 1710 Verecundia
463 1689 520 1711 sua
533 1681 664 1712 redemit
679 1683 801 1723 culpam
816 1693 835 1715 a
850 1693 882 1715 se
897 1683 1066 1714 admissam
1080 1684 1167 1715 clade
1186 1683 1358 1715 Cannensi.

223 1718 241 1741 ά
265 1720 309 1751 Et
328 1720 462 1759 fortuna
485 1733 505 1754 a
525 1724 637 1763 populo
661 1725 857 1767 carpebatur,
879 1729 914 1757 ut
937 1725 1032 1757 nimis
1054 1726 1202 1765 insolens,
1225 1727 1306 1767 qaod
1319 1725 1430 1768 filiam
1442 1725 1556 1758 summi
1579 1725 1642 1758 viri

180 1763 331 1802 Africani
344 1773 413 1796 cum
430 1765 568 1797 Cicereio
581 1766 666 1798 illius
680 1767 791 1800 cliente
803 1770 838 1801 in
851 1769 988 1800 comitiis
998 1768 1212 1801 commisisset.

791 1874 1028 1887 mmo

179 1947 240 1980 die.
284 1947 368 1978 Mox
385 1948 512 1990 aliquot
526 1949 726 1982 Tol-reniani
741 1951 996 1984 Flaminius.—-8
1019 1952 1131 1984 Bitur.
1145 1954 1176 1983 1.
1193 1955 1228 1984 et
1244 1951 1344 1983 Leid.
1362 1955 1392 1984 1.
1413 1952 1527 1984 honore
1541 1951 1637 1991 func-

181 1992 308 2021 tus.-9
332 1991 410 2021 Non
427 1992 527 2032 pauci
543 1993 642 2024 codd.
660 1994 800 2027 Torren.
819 2005 897 2027 cum
912 1996 993 2028 Vet.
1014 2000 1052 2027 et
1066 1995 1160 2036 Mog.
1187 1995 1307 2026 delent
1334 1995 1459 2032 Varro‚·
1481 1995 1515 2026 iu
1543 1996 1640 2029 Leid.

180 2035 211 2063 7.
229 2033 416 2074 ascriptum
434 2039 488 2065 est
503 2045 522 2066 a
537 2044 582 2067 m.
599 2037 754 2069 recenti:
779 2039 903 2080 Copes.
928 2037 1032 2070 habet
1051 2038 1152 2070 Varro
1168 2037 1430 2070 Terentina—10
1452 2037 1495 2070 In
1517 2047 1641 2071 novem

179 2074 322 2107 Torren.
336 2076 417 2108 Vet.
434 2082 470 2109 et
483 2077 577 2119 Mog.
594 2078 689 2111 deest
703 2079 781 2112 sibi.-
805 2081 901 2113 Leid.
916 2084 947 2112 l.
961 2082 1098 2113 delatam
1112 2080 1151 2112 ab
1163 2081 1308 2113 universo
1315 2082 1430 2122 populo
1441 2082 1642 2115 dictaturam.

179 2121 263 2149 --ll
287 2118 432 2159 Pighius
458 2122 665 2154 auctoritate
691 2124 789 2155 unius
813 2124 891 2156 cod.
921 2124 1050 2157 Cauch.
1076 2125 1189 2165 clades,
1213 2124 1268 2155 cni
1285 2124 1426 2156 lectioni
1451 2124 1536 2156 nulli
1562 2124 1643 2158 libri

179 2158 309 2193 favent.
354 2162 498 2194 Plurimi
515 2164 616 2198 codd.
633 2175 708 2196 cum
724 2166 802 2198 edd.
821 2171 908 2199 vett.
924 2167 1054 2199 habent
1071 2167 1175 2205 acies,·
1197 2166 1295 2199 Leid.
1312 2171 1344 2199 5.
1359 2170 1467 2208 patres
1479 2178 1492 2205 ,-
1513 2167 1641 2210 Uitr-ej.

182 2207 333 2253 1..acres;
358 2204 452 2238 Leid.
470 2210 499 2238 6.
515 2210 551 2238 ut
563 2206 667 2246 facies
681 2208 820 2240 Deorum
834 2211 882 2242 ire
896 2210 1043 2242 modestis
1057 2211 1155 2251 ipsius
1169 2210 1304 2242 motibus
1318 2210 1642 2252 impetraretur.—-'12

175 2245 321 2286 Pighius
337 2253 457 2280 contra
473 2249 574 2281 fidem
590 2251 673 2283 Mss.
690 2255 725 2283 et
740 2251 838 2285 editt.
862 2253 974 2285 edidit
992 2253 1190 2295 prceclarius,
1214 2262 1314 2295 quem
1339 2253 1465 2285 deinde
1482 2253 1641 2294 Colerus,

179 2287 350 2332 Vorstius,
364 2295 401 2323 et
414 2292 541 2334 Delph.
556 2294 667 2326 secuti
682 2299 774 2328 sunt.
818 2295 914 2338 Mog.
929 2298 1047 2329 clarum
1057 2307 1068 2328 .·
1092 2296 1198 2329 Barb.
1215 2299 1246 2329 1.
1272 2299 1309 2328 at
1322 2296 1427 2329 animo
1439 2297 1638 2338 prmo-larum.

836 2401 976 2434 NOTAE

222 2478 237 2500 ¹²
260 2481 450 2530 Flaminius]
473 2483 562 2515 Vide
579 2484 637 2517 lib.
652 2494 692 2518 11.
710 2496 738 2518 c.
749 2489 780 2518 9.
802 2497 836 2519 n.
850 2490 881 2519 3.
935 2489 1123 2532 pillumque
1139 2499 1239 2531 quam
1256 2499 1318 2531 par
1334 2494 1425 2521 esset
1439 2489 1638 2531 longiorem,

178 2528 239 2561 ubi
254 2530 346 2563 illius
363 2532 609 2566 damnationem
624 2533 697 2568 fuse
715 2538 880 2579 explicui-
935 2539 1048 2570 cibum
1086 2539 1254 2571 recubans
1292 2548 1466 2581 nunquam
1504 2540 1638 2581 sumsit,

180 2589 264 2612 mus.
933 2588 1136 2631 oblatusque
1159 2589 1305 2621 honores
1326 2588 1535 2631 repudiavit.
1580 2589 1636 2621 De

175 2639 179 2644 ·
201 2627 203 2633 ’
223 2633 238 2675 t
261 2629 328 2663 An.
344 2631 395 2663 M.
411 2636 507 2666 3873.
556 2633 612 2666 Ol.
629 2637 702 2668 149.
718 2639 751 2670 4.
790 2638 877 2670 Urb.
934 2638 1090 2671 Cicereio
1107 2639 1166 2671 lib.
1183 2648 1240 2671 111.
1265 2649 1341 2681 cap.
1357 2643 1389 2672 5.
1414 2650 1448 2672 n.
1466 2642 1496 2673 1.
1625 2630 1627 2632 ¹

183 2680 222 2712 C.
238 2683 313 2712 572.
350 2682 434 2715 Ant.
452 2685 513 2716 Ch.
531 2688 606 2718 182.
976 2694 991 2729 ss
1008 2689 1076 2721 An·
1090 2690 1140 2721 M.
1153 2692 1250 2722 3841.
1276 2690 1334 2723 Ol·
1350 2692 1424 2722 141.
1440 2692 1473 2722 4.
1497 2688 1584 2736 Urb.
1596 2690 1634 2723 C.

224 2735 238 2751 ⁰
264 2731 464 2764 Dictaturam
479 2736 628 2778 recipere]
645 2737 731 2769 Post
744 2737 877 2771 cladem
932 2741 1008 2772 540.
1032 2739 1114 2772 Ant.
1126 2740 1188 2772 Ch.
1201 2742 1276 2773 212.

182 2781 392 2814 Cannensem
409 2784 518 2816 Varro
543 2786 626 2818 aluit
647 2786 798 2828 barbam,
822 2793 876 2821 ca-

1741 400 1760 420 Ο
