1878 3132
350 199 552 232 cunm.
587 197 650 230 1)ss
684 194 989 229 RFFaoTluus
1022 194 1222 228 AR'HUM
1259 194 1428 227 RARIS.
1542 183 1631 229 791.

157 296 264 345 tem,
282 298 495 338 moestum
516 292 745 350 Ulyssem,
758 291 1022 335 clamantem
1042 289 1285 346 Ajacem‚¹⁹
1313 291 1632 334 lamentantem

158 359 417 405 Menelaum
447 362 569 406 circa
597 375 720 404 aram
758 361 1005 411 statuisset,
1027 363 1167 414 caput
1197 357 1547 414 Agamemnonis
1563 358 1631 401 in-

155 430 391 483 volvendo,
408 444 552 474 nonne
580 431 740 474 summi
759 429 966 472 moeroris
997 427 1288 471 acerbitatem
1323 430 1416 470 arte
1441 426 1631 482 exprimi

154 510 245 540 non
260 512 395 554 posse
414 499 651 543 confessus
671 502 742 541 est
755 499 776 541 ’ἒ
838 498 999 553 Itaque
1017 497 1199 553 pictura
1228 495 1341 552 ejus,
1359 493 1632 550 haruspicis,

155 566 459 619 amicorum,²0
487 571 533 610 et
550 567 702 610 fratris
719 566 931 622 lacrymis
961 565 1137 609 madet:
1166 565 1309 620 patris
1328 562 1484 607 fletum
1503 575 1633 618 spec-

155 636 292 678 tantis
314 635 495 679 affectui
516 635 828 679 aestimandum
849 634 1063 690 reliquit!

211 703 254 745 ⁷.
285 703 436 759 Atque
454 709 507 747 ut
527 703 734 764 ejusdem
764 703 904 746 studii
934 701 1148 758 adjiciam
1179 698 1451 755 exemplum,
1470 697 1634 753 praeci-

155 782 261 825 puae
282 773 394 815 artis
414 771 585 829 pictor-¹
612 786 774 828 equum
796 773 853 814 ab
871 771 1195 815 exercitatione
1211 769 1482 818 venientem,
1497 765 1634 809 modo

154 851 248 882 non
267 841 438 893 vivum,
457 842 610 884 labore
639 840 873 884 industriae
907 853 1002 883 suae
1030 836 1470 894 comprehenderat2⁶
1499 833 1634 890 cujus

153 908 337 952 naribus
354 922 541 966 spumas
563 909 757 966 adjicere
779 910 986 965 cupiens,
1006 911 1157 950 tantus
1176 905 1336 949 artifex
1356 905 1402 947 in
1421 907 1515 946 tam
1531 915 1635 958 par-

153 977 260 1020 vula
278 978 467 1020 materia
497 977 687 1021 multum
718 990 773 1022 ac
795 977 875 1020 diu
894 977 1061 1020 frustra
1090 975 1362 1018 terebatur.²¹
1422 971 1637 1026 Indigna-

152 1044 274 1088 tione
296 1046 457 1089 deinde
485 1060 719 1099 accensus,
753 1046 990 1102 spongiam
1022 1045 1228 1088 omnibus
1261 1042 1479 1085 imbutam
1509 1039 1636 1082 colo-

153 1113 278 1156 ribus
307 1115 419 1157 sorte
439 1115 579 1170 Juxta
608 1128 657 1158 se
685 1116 882 1172 positam
915 1112 1224 1169 apprehendit,
1245 1115 1292 1154 et
1311 1110 1456 1154 veluti
1467 1113 1504 1132 ²²
1535 1121 1635 1151 cor-

152 1187 368 1238 rupturus
397 1196 517 1239 opus
547 1197 690 1235 suum,
711 1184 879 1226 tabulae
904 1182 1047 1224 illisit.
1109 1179 1257 1232 Quam
1277 1178 1461 1222 fortuna
1484 1176 1543 1219 ad
1563 1176 1631 1232 ip-

154 1261 231 1293 sas
246 1253 347 1307 equi
364 1265 494 1295 nares
507 1252 719 1295 directam
737 1251 1011 1294 desiderium
1024 1249 1214 1305 pictoris
1231 1245 1380 1302 coligit
1394 1245 1634 1302 explere.²³

153 1318 317 1376 Itaque
347 1320 470 1377 quod
500 1333 574 1364 ars
604 1320 870 1367 adumbrare
887 1323 927 1352 ²4
954 1331 1045 1361 non
1072 1318 1227 1370 valuit,
1261 1328 1399 1360 casus
1430 1314 1636 1357 imitatus

156 1392 242 1431 est.

195 1497 210 1520 ὃ
225 1481 339 1541 [hupre-⁴
353 1501 387 1532 in
397 1499 454 1532 illa
468 1500 595 1540 tabella,
607 1501 642 1533 in
654 1510 715 1542 qua
726 1501 897 1543 haruspex,
908 1498 1016 1540 amici,
1026 1497 1173 1539 etfrater
1188 1498 1343 1540 lacrymas
1352 1495 1514 1539 effundere
1527 1493 1636 1526 viden-

153 1545 220 1583 tur,
234 1543 337 1584 pictor
351 1544 480 1586 reliquit
497 1543 632 1586 affectui
645 1545 817 1586 spectantis
819 1544 1041 1584 judicandum,
1056 1545 1190 1584 quantus
1204 1544 1283 1574 esset
1296 1540 1401 1582 patris
1412 1540 1525 1571 luctus.
1539 1580 1547 1588 .

152 1587 489 1663 οἱέωΕ-ἓᾶηέιὲἔέῗεον
503 1597 614 1630 equum
628 1588 668 1620 ab
682 1589 910 1621 exercitatione
923 1587 1104 1618 redeuntem
1119 1585 1271 1627 pinxerat
1292 1586 1385 1616 tanta
1406 1583 1580 1622 induam,
1598 1583 1637 1613 ut

774 1694 1014 1709 ‘mv‘

151 1770 412 1812 Karmina—19
434 1771 564 1804 Badius
582 1771 669 1813 legit
685 1772 842 1812 Orestem,
865 1770 958 1813 quod
983 1770 1110 1812 probat
1138 1769 1434 1802 Glareanus.—2o
1456 1766 1516 1800 Ita
1532 1765 1636 1807 Pigh.

150 1822 195 1845 ex
212 1814 342 1846 Cauch.
359 1825 437 1847 cum
453 1820 533 1847 ante
550 1815 683 1848 editum
708 1820 803 1848 esset
824 1814 921 1847 amici
934 1824 948 1852 ‚0
970 1824 1057 1847 unns
1082 1813 1214 1846 Brand.
1238 1817 1275 1845 et
1300 1811 1430 1854 Ultraj.
1448 1813 1479 1843 1.
1502 1809 1637 1842 habent

152 1857 258 1889 etiam
274 1858 468 1897 micenam,-
492 1859 603 1891 ceteri
621 1868 737 1891 omnes
753 1859 860 1891 amici.
905 1857 1046 1890 Deinde
1059 1858 1151 1889 inter
1165 1857 1384 1890 oeseimandum
1399 1858 1437 1887 et
1451 1853 1637 1886 existiman-

150 1902 227 1933 dam
252 1899 425 1934 fluctuant
448 1901 638 1935 codd.-21
663 1903 790 1937 ‘Quod
819 1901 963 1944 Pighius
990 1906 1030 1934 ut
1056 1901 1227 1934 diversam
1251 1899 1440 1932 lectionem
1466 1898 1502 1929 in
1525 1906 1638 1938 marg.

150 1949 326 1985 posuerat,
339 1945 372 1977 id
390 1945 534 1978 Colerus
555 1946 690 1988 recepit
704 1947 739 1978 in
764 1950 926 1985 textum;
950 1945 1159 1987 scripsitque
1182 1943 1367 1980 terebatur,·
1389 1941 1425 1974 id
1441 1939 1530 1983 quod
1543 1940 1638 1972 idem

150 1991 189 2019 et
204 1987 238 2019 in
255 1988 348 2021 Dan.
363 1988 584 2022 observavit:
609 1990 686 2031 ipse
703 1998 841 2032 quoque
858 1989 892 2021 in
909 1993 1057 2031 utroque
1075 1987 1207 2020 Brand.
1223 1987 1258 2020 id
1274 1986 1444 2024 observo3
1459 1983 1636 2026 habetque

151 2039 220 2062 non
237 2031 339 2063 aliter
355 2032 504 2074 Herbip.
518 2032 662 2074 Pighius
676 2032 835 2065 ediderat
847 2031 1037 2065 tenebatur?
1059 2032 1178 2064 Vorst.
1202 2032 1212 2049 ‘
1224 2029 1385 2063 terebatur
1395 2028 1526 2060 habent
1535 2026 1637 2059 Leid.

150 2074 260 2115 quint.
275 2074 400 2108 Ultra'.
418 2085 488 2109 sec.
504 2075 638 2109 Douae.
652 2081 688 2109 et
704 2085 766 2118 pro
783 2086 816 2107 v.
839 2077 861 2108 1.
884 2075 955 2107 Bit.
970 2075 1072 2116 prim.
1095 2079 1132 2107 et
1147 2073 1256 2116 Mog.'
1281 2073 1502 2105 Turrem—22
1525 2069 1638 2103 Pauci

151 2116 255 2150 codd.
269 2122 306 2150 et
319 2119 361 2150 ed
391 2142 399 2151 .
417 2123 498 2151 ante
514 2119 616 2161 Pigh.
632 2123 664 2152 et
678 2130 747 2152 eam
761 2119 869 2152 veluti.
917 2118 1001 2150 Mox
1016 2128 1103 2150 unus
1119 2117 1198 2151 eod.
1210 2118 1354 2149 Torren.
1367 2115 1498 2148 omittit
1509 2113 1636 2146 tabuloe.

152 2163 239 2193 —28
263 2161 387 2203 Margo
403 2162 530 2203 Pighii,
552 2163 661 2205 Lipsii
684 2162 785 2203 liber,
804 2163 888 2194 Vet.
902 2161 1033 2204 Uitraj.
1048 2164 1082 2194 2.
1107 2161 1246 2194 Douac.
1269 2165 1305 2192 et
1322 2159 1419 2201 Mog.
1435 2158 1637 2199 exemploru

148 2204 242 2236 unde
256 2204 394 2246 Lipsius
408 2206 579 2248 eximplere
591 2217 604 2244 ,·
619 2206 774 2238 nonnulli
788 2206 980 2247 explanare5
1005 2204 1107 2237 multi
1129 2203 1232 2237 codd.
1248 2204 1476 2246 explere—24
1499 2202 1509 2220 ‘
1522 2201 1637 2243 ltaque

152 2249 235 2288 quod
249 2249 438 2281 adumbrare
454 2249 598 2290 Pighius
615 2255 652 2282 et
668 2259 746 2282 eum
760 2248 885 2289 secuti,
900 2248 958 2280 ubi
976 2248 1062 2281 vitio
1077 2247 1284 2290 typographi
1299 2256 1354 2279 ars
1363 2246 1525 2279 omissum
1537 2250 1638 2276 nota-

152 2289 215 2322 bat
229 2290 380 2332 Gudius,
394 2291 525 2325 habent
536 2293 628 2325 enim
638 2293 703 2325 hoc
721 2291 810 2324 Edd.
828 2297 864 2324 et
881 2292 967 2324 Mss.
983 2296 1114 2334 praeter
1128 2292 1225 2334 Mog.
1241 2295 1278 2324 et
1292 2289 1422 2333 Ultraj.
1439 2299 1509 2322 sec.
1521 2287 1637 2321 omisit

156 2333 287 2374 primus
302 2335 458 2368 Colerus.
505 2336 631 2379 Itaque
647 2334 828 2368 revocavi-²
853 2336 984 2369 Torren-

820 2433 853 2466 N
860 2431 968 2465 OTAE

153 2510 204 2538 us,
229 2500 371 2544 Ulysses
400 2502 607 2536 Graecorum
643 2502 762 2546 duces,
787 2513 881 2537 cum·
928 2509 941 2521 ·‘
968 2501 976 2524 ¹
1001 2501 1178 2543 Proecipuae
1203 2500 1284 2533 artis
1310 2497 1429 2542 pictor]
1465 2498 1553 2530 Sunt
1577 2498 1638 2540 qui

154 2549 301 2583 Homeri
325 2557 362 2585 et
386 2553 499 2585 Iliade
526 2557 563 2586 et
590 2553 763 2596 Odyssea,
793 2557 866 2587 tum
922 2552 1080 2597 Apellem
1095 2553 1201 2585 fuisse
1213 2552 1346 2591 velint;
1369 2550 1502 2583 Plinius
1518 2553 1635 2582 tamen

154 2600 299 2634 AEneide
343 2604 482 2646 Virgilii
529 2605 712 2638 notissimi.
766 2604 866 2638 Idem
921 2605 981 2638 lib.
996 2614 1112 2637 xxxv.
1130 2614 1162 2636 c.
1180 2607 1233 2636 10.
1259 2602 1294 2635 id
1316 2600 1442 2635 Nealci
1471 2600 1507 2632 in
1534 2609 1635 2643 equo,

154 2652 248 2693 quod
269 2653 443 2696 Valerius,
459 2655 494 2687 in
510 2655 661 2689 Oratore
676 2660 795 2688 narrat
811 2656 867 2688 Ci-
922 2660 959 2688 et
976 2654 1165 2697 Protogeni
1188 2654 1224 2686 in
1247 2663 1334 2687 cane
1360 2650 1548 2693 contigisse
1564 2656 1634 2684 tes-

154 2711 249 2735 cero.
924 2710 1032 2739 tatur.
