<?xml version="1.0" encoding="UTF-8"?>
<!DOCTYPE html PUBLIC "-//W3C//DTD XHTML 1.0 Transitional//EN"
    "http://www.w3.org/TR/xhtml1/DTD/xhtml1-transitional.dtd">
<html xmlns="http://www.w3.org/1999/xhtml" xml:lang="en" lang="en">
 <head>
  <title>
</title>
<meta http-equiv="Content-Type" content="text/html;charset=utf-8" />
  <meta name='ocr-system' content='tesseract 3.04.00' />
  <meta name='ocr-capabilities' content='ocr_page ocr_carea ocr_par ocr_line ocrx_word'/>
</head>
<body>
  <div class='ocr_page' id='page_1' title='image "./factorumdictorum02valeuoft_0377.png"; bbox 0 0 1878 3132; ppageno 0'>
   <div class='ocr_carea' id='block_1_1' title="bbox 518 172 1614 226">
    <p class='ocr_par' dir='ltr' id='par_1_1' title="bbox 518 172 1614 226">
     <span class='ocr_line' id='line_1_1' title="bbox 518 172 1614 226; baseline -0.007 0"><span class='ocrx_word' id='word_1_1' title='bbox 518 194 629 226; x_wconf 68' lang='lat' dir='ltr'><strong>cm».</strong></span> <span class='ocrx_word' id='word_1_2' title='bbox 651 192 703 225; x_wconf 84' lang='grc' dir='ltr'><strong>ιι.</strong></span> <span class='ocrx_word' id='word_1_3' title='bbox 738 192 804 223; x_wconf 73' lang='grc' dir='ltr'><strong>ΒΕ</strong></span> <span class='ocrx_word' id='word_1_4' title='bbox 836 187 1222 224; x_wconf 63' lang='lat' dir='ltr'><strong>caussinum.</strong></span> <span class='ocrx_word' id='word_1_5' title='bbox 1525 172 1614 218; x_wconf 77' lang='lat'><strong>833</strong></span> 
     </span>
    </p>
   </div>
   <div class='ocr_carea' id='block_1_2' title="bbox 121 285 1618 554">
    <p class='ocr_par' dir='ltr' id='par_1_2' title="bbox 121 285 1618 554">
     <span class='ocr_line' id='line_1_2' title="bbox 121 285 1612 349; baseline -0.008 -10"><span class='ocrx_word' id='word_1_6' title='bbox 121 295 472 339; x_wconf 82' lang='lat' dir='ltr'><strong>menclatorem⁹</strong></span> <span class='ocrx_word' id='word_1_7' title='bbox 503 292 802 349; x_wconf 90' lang='lat' dir='ltr'><strong>conquisitos,</strong></span> <span class='ocrx_word' id='word_1_8' title='bbox 822 290 1182 347; x_wconf 84' lang='lat' dir='ltr'>proscriptorum</span> <span class='ocrx_word' id='word_1_9' title='bbox 1212 301 1396 333; x_wconf 88' lang='lat' dir='ltr'><strong>numero</strong></span> <span class='ocrx_word' id='word_1_10' title='bbox 1427 285 1612 343; x_wconf 89' lang='lat' dir='ltr'><strong>adjecit.</strong></span> 
     </span>
     <span class='ocr_line' id='line_1_3' title="bbox 123 357 1615 419; baseline -0.009 -9"><span class='ocrx_word' id='word_1_11' title='bbox 123 364 366 410; x_wconf 84' lang='lat' dir='ltr'><strong>Adversus</strong></span> <span class='ocrx_word' id='word_1_12' title='bbox 385 364 591 408; x_wconf 88' lang='lat' dir='ltr'><strong>mulieres</strong></span> <span class='ocrx_word' id='word_1_13' title='bbox 613 374 791 419; x_wconf 88' lang='lat' dir='ltr'><strong>quoque</strong></span> <span class='ocrx_word' id='word_1_14' title='bbox 812 359 990 417; x_wconf 84' lang='lat' dir='ltr'><strong>gladios</strong></span> <span class='ocrx_word' id='word_1_15' title='bbox 1011 358 1272 411; x_wconf 80' lang='lat' dir='ltr'><strong>destrinxit3</strong></span> <span class='ocrx_word' id='word_1_16' title='bbox 1304 357 1436 413; x_wconf 87' lang='lat' dir='ltr'><strong>quasi</strong></span> <span class='ocrx_word' id='word_1_17' title='bbox 1457 369 1615 412; x_wconf 89' lang='lat' dir='ltr'><strong>parum</strong></span> 
     </span>
     <span class='ocr_line' id='line_1_4' title="bbox 125 426 1618 486; baseline -0.007 -7"><span class='ocrx_word' id='word_1_18' title='bbox 125 435 555 480; x_wconf 80' lang='lat' dir='ltr'><strong>caedibus-virorum</strong></span> <span class='ocrx_word' id='word_1_19' title='bbox 575 434 780 478; x_wconf 88' lang='lat' dir='ltr'><strong>satiatus.</strong></span> <span class='ocrx_word' id='word_1_20' title='bbox 842 430 900 475; x_wconf 89' lang='lat' dir='ltr'><strong>Id</strong></span> <span class='ocrx_word' id='word_1_21' title='bbox 931 443 1112 486; x_wconf 92' lang='lat' dir='ltr'><strong>quoque</strong></span> <span class='ocrx_word' id='word_1_22' title='bbox 1142 426 1433 484; x_wconf 85' lang='lat' dir='ltr'><strong>inexplebilis</strong></span> <span class='ocrx_word' id='word_1_23' title='bbox 1450 432 1485 451; x_wconf 81' lang='lat'><strong>¹0</strong></span> <span class='ocrx_word' id='word_1_24' title='bbox 1514 426 1618 469; x_wconf 85' lang='lat' dir='ltr'><strong>feri-</strong></span> 
     </span>
     <span class='ocr_line' id='line_1_5' title="bbox 125 497 1618 554; baseline -0.007 -5"><span class='ocrx_word' id='word_1_25' title='bbox 125 506 232 549; x_wconf 81' lang='lat' dir='ltr'><strong>tatis</strong></span> <span class='ocrx_word' id='word_1_26' title='bbox 252 505 468 549; x_wconf 90' lang='lat' dir='ltr'><strong>indicium</strong></span> <span class='ocrx_word' id='word_1_27' title='bbox 503 509 588 548; x_wconf 90' lang='lat' dir='ltr'><strong>est.</strong></span> <span class='ocrx_word' id='word_1_28' title='bbox 646 502 848 546; x_wconf 87' lang='lat' dir='ltr'><strong>Abscisa</strong></span> <span class='ocrx_word' id='word_1_29' title='bbox 875 502 1136 544; x_wconf 88' lang='lat' dir='ltr'><strong>miserorum</strong></span> <span class='ocrx_word' id='word_1_30' title='bbox 1166 498 1335 554; x_wconf 88' lang='lat' dir='ltr'><strong>capita,</strong></span> <span class='ocrx_word' id='word_1_31' title='bbox 1355 497 1494 540; x_wconf 89' lang='lat' dir='ltr'><strong>modo</strong></span> <span class='ocrx_word' id='word_1_32' title='bbox 1530 510 1618 540; x_wconf 90' lang='lat' dir='ltr'><strong>non</strong></span> 
     </span>
    </p>
   </div>
   <div class='ocr_carea' id='block_1_3' title="bbox 55 566 1620 630">
    <p class='ocr_par' dir='ltr' id='par_1_3' title="bbox 55 566 1620 630">
     <span class='ocr_line' id='line_1_6' title="bbox 55 566 1620 630; baseline -0.008 -10"><span class='ocrx_word' id='word_1_33' title='bbox 55 625 58 628; x_wconf 16' lang='grc' dir='ltr'><strong>Δ</strong></span> <span class='ocrx_word' id='word_1_34' title='bbox 127 575 347 619; x_wconf 85' lang='lat' dir='ltr'><strong>vultum¹¹</strong></span> <span class='ocrx_word' id='word_1_35' title='bbox 380 587 436 618; x_wconf 92' lang='lat' dir='ltr'><strong>ac</strong></span> <span class='ocrx_word' id='word_1_36' title='bbox 457 574 666 630; x_wconf 88' lang='lat' dir='ltr'><strong>spiritum</strong></span> <span class='ocrx_word' id='word_1_37' title='bbox 694 571 960 623; x_wconf 74' lang='lat' dir='ltr'><strong>retinentia,⁶</strong></span> <span class='ocrx_word' id='word_1_38' title='bbox 989 571 1036 614; x_wconf 90' lang='lat' dir='ltr'><strong>in</strong></span> <span class='ocrx_word' id='word_1_39' title='bbox 1065 573 1364 625; x_wconf 89' lang='lat' dir='ltr'><strong>conspectum</strong></span> <span class='ocrx_word' id='word_1_40' title='bbox 1397 581 1527 610; x_wconf 90' lang='lat' dir='ltr'><strong>suum</strong></span> <span class='ocrx_word' id='word_1_41' title='bbox 1551 566 1620 610; x_wconf 81' lang='lat' dir='ltr'><strong>af-</strong></span> 
     </span>
    </p>
   </div>
   <div class='ocr_carea' id='block_1_4' title="bbox 124 637 1629 1539">
    <p class='ocr_par' dir='ltr' id='par_1_4' title="bbox 124 637 1629 1539">
     <span class='ocr_line' id='line_1_7' title="bbox 124 637 1620 698; baseline -0.007 -9"><span class='ocrx_word' id='word_1_42' title='bbox 124 644 230 689; x_wconf 77' lang='lat' dir='ltr'><strong>ferri</strong></span> <span class='ocrx_word' id='word_1_43' title='bbox 249 644 413 697; x_wconf 86' lang='lat' dir='ltr'><strong>voluit,</strong></span> <span class='ocrx_word' id='word_1_44' title='bbox 437 648 487 688; x_wconf 92' lang='lat' dir='ltr'><strong>ut</strong></span> <span class='ocrx_word' id='word_1_45' title='bbox 515 643 664 687; x_wconf 91' lang='lat' dir='ltr'><strong>oculis</strong></span> <span class='ocrx_word' id='word_1_46' title='bbox 699 642 796 694; x_wconf 88' lang='lat' dir='ltr'><strong>illa,</strong></span> <span class='ocrx_word' id='word_1_47' title='bbox 816 641 927 698; x_wconf 89' lang='lat' dir='ltr'><strong>quia</strong></span> <span class='ocrx_word' id='word_1_48' title='bbox 956 653 1031 683; x_wconf 90' lang='lat' dir='ltr'><strong>ore</strong></span> <span class='ocrx_word' id='word_1_49' title='bbox 1063 639 1193 682; x_wconf 87' lang='lat' dir='ltr'><strong>nefas</strong></span> <span class='ocrx_word' id='word_1_50' title='bbox 1226 643 1340 690; x_wconf 87' lang='lat' dir='ltr'><strong>erat,</strong></span> <span class='ocrx_word' id='word_1_51' title='bbox 1377 637 1620 681; x_wconf 82' lang='lat' dir='ltr'><strong>manderet.</strong></span> 
     </span>
     <span class='ocr_line' id='line_1_8' title="bbox 127 706 1620 771; baseline -0.006 -13"><span class='ocrx_word' id='word_1_52' title='bbox 127 713 279 768; x_wconf 82' lang='lat' dir='ltr'><strong>Quam</strong></span> <span class='ocrx_word' id='word_1_53' title='bbox 309 728 445 771; x_wconf 89' lang='lat' dir='ltr'><strong>porro</strong></span> <span class='ocrx_word' id='word_1_54' title='bbox 477 713 719 757; x_wconf 89' lang='lat' dir='ltr'><strong>crudeliter</strong></span> <span class='ocrx_word' id='word_1_55' title='bbox 752 726 802 756; x_wconf 90' lang='lat' dir='ltr'><strong>se</strong></span> <span class='ocrx_word' id='word_1_56' title='bbox 830 713 879 755; x_wconf 88' lang='lat' dir='ltr'><strong>in</strong></span> <span class='ocrx_word' id='word_1_57' title='bbox 910 711 977 755; x_wconf 89' lang='lat' dir='ltr'><strong>M.</strong></span> <span class='ocrx_word' id='word_1_58' title='bbox 1011 710 1164 753; x_wconf 87' lang='lat' dir='ltr'><strong>Mario</strong></span> <span class='ocrx_word' id='word_1_59' title='bbox 1196 708 1426 767; x_wconf 72' lang='lat' dir='ltr'><strong>praetored</strong></span> <span class='ocrx_word' id='word_1_60' title='bbox 1456 706 1620 764; x_wconf 84' lang='lat' dir='ltr'><strong>gessit!</strong></span> 
     </span>
     <span class='ocr_line' id='line_1_9' title="bbox 127 778 1622 841; baseline -0.007 -13"><span class='ocrx_word' id='word_1_61' title='bbox 127 797 263 840; x_wconf 89' lang='lat' dir='ltr'><strong>quem</strong></span> <span class='ocrx_word' id='word_1_62' title='bbox 283 798 368 841; x_wconf 91' lang='lat' dir='ltr'><strong>per</strong></span> <span class='ocrx_word' id='word_1_63' title='bbox 388 797 470 827; x_wconf 88' lang='lat' dir='ltr'><strong>ora</strong></span> <span class='ocrx_word' id='word_1_64' title='bbox 489 782 617 838; x_wconf 85' lang='lat' dir='ltr'><strong>vulgi</strong></span> <span class='ocrx_word' id='word_1_65' title='bbox 638 782 696 826; x_wconf 90' lang='lat' dir='ltr'><strong>ad</strong></span> <span class='ocrx_word' id='word_1_66' title='bbox 729 781 988 838; x_wconf 88' lang='lat' dir='ltr'><strong>sepulcrum</strong></span> <span class='ocrx_word' id='word_1_67' title='bbox 1022 779 1220 822; x_wconf 77' lang='lat' dir='ltr'><strong>Lutatiae</strong></span> <span class='ocrx_word' id='word_1_68' title='bbox 1254 778 1402 834; x_wconf 86' lang='lat' dir='ltr'><strong>gentis</strong></span> <span class='ocrx_word' id='word_1_69' title='bbox 1422 784 1622 834; x_wconf 87' lang='lat' dir='ltr'><strong>pertrac-</strong></span> 
     </span>
     <span class='ocr_line' id='line_1_10' title="bbox 127 849 1623 910; baseline -0.006 -12"><span class='ocrx_word' id='word_1_70' title='bbox 127 857 236 906; x_wconf 89' lang='lat' dir='ltr'><strong>tum,</strong></span> <span class='ocrx_word' id='word_1_71' title='bbox 250 867 344 897; x_wconf 90' lang='lat' dir='ltr'><strong>non</strong></span> <span class='ocrx_word' id='word_1_72' title='bbox 358 854 484 910; x_wconf 89' lang='lat' dir='ltr'><strong>prius</strong></span> <span class='ocrx_word' id='word_1_73' title='bbox 497 854 588 897; x_wconf 89' lang='lat' dir='ltr'><strong>vita</strong></span> <span class='ocrx_word' id='word_1_74' title='bbox 608 852 823 908; x_wconf 86' lang='lat' dir='ltr'><strong>privavit,</strong></span> <span class='ocrx_word' id='word_1_75' title='bbox 839 864 974 907; x_wconf 88' lang='lat' dir='ltr'><strong>quam</strong></span> <span class='ocrx_word' id='word_1_76' title='bbox 988 850 1148 893; x_wconf 91' lang='lat' dir='ltr'><strong>oculos</strong></span> <span class='ocrx_word' id='word_1_77' title='bbox 1164 849 1358 892; x_wconf 89' lang='lat' dir='ltr'><strong>infelicis</strong></span> <span class='ocrx_word' id='word_1_78' title='bbox 1374 853 1408 874; x_wconf 87' lang='lat'><strong>¹²</strong></span> <span class='ocrx_word' id='word_1_79' title='bbox 1429 851 1623 898; x_wconf 86' lang='lat' dir='ltr'><strong>erueret,</strong></span> 
     </span>
     <span class='ocr_line' id='line_1_11' title="bbox 128 918 1624 979; baseline -0.003 -14"><span class='ocrx_word' id='word_1_80' title='bbox 128 928 175 968; x_wconf 89' lang='lat' dir='ltr'><strong>et</strong></span> <span class='ocrx_word' id='word_1_81' title='bbox 192 923 398 979; x_wconf 88' lang='lat' dir='ltr'><strong>singulas</strong></span> <span class='ocrx_word' id='word_1_82' title='bbox 427 923 627 979; x_wconf 85' lang='lat' dir='ltr'><strong>corporis</strong></span> <span class='ocrx_word' id='word_1_83' title='bbox 657 927 810 978; x_wconf 89' lang='lat' dir='ltr'><strong>partes</strong></span> <span class='ocrx_word' id='word_1_84' title='bbox 846 920 1156 975; x_wconf 83' lang='lat' dir='ltr'><strong>confringeret.</strong></span> <span class='ocrx_word' id='word_1_85' title='bbox 1216 919 1314 962; x_wconf 86' lang='lat' dir='ltr'><strong>Vix</strong></span> <span class='ocrx_word' id='word_1_86' title='bbox 1338 918 1446 961; x_wconf 89' lang='lat' dir='ltr'><strong>mihi</strong></span> <span class='ocrx_word' id='word_1_87' title='bbox 1465 918 1624 961; x_wconf 88' lang='lat' dir='ltr'><strong>verisi-</strong></span> 
     </span>
     <span class='ocr_line' id='line_1_12' title="bbox 129 987 1624 1045; baseline -0.004 -9"><span class='ocrx_word' id='word_1_88' title='bbox 129 994 258 1038; x_wconf 84' lang='lat' dir='ltr'><strong>milia</strong></span> <span class='ocrx_word' id='word_1_89' title='bbox 290 1006 470 1036; x_wconf 88' lang='lat' dir='ltr'><strong>narrare</strong></span> <span class='ocrx_word' id='word_1_90' title='bbox 488 992 656 1036; x_wconf 85' lang='lat' dir='ltr'><strong>videor.</strong></span> <span class='ocrx_word' id='word_1_91' title='bbox 717 991 783 1035; x_wconf 90' lang='lat' dir='ltr'><strong>At</strong></span> <span class='ocrx_word' id='word_1_92' title='bbox 817 991 894 1034; x_wconf 89' lang='lat' dir='ltr'><strong>ille</strong></span> <span class='ocrx_word' id='word_1_93' title='bbox 925 991 1060 1034; x_wconf 87' lang='lat' dir='ltr'><strong>etiam</strong></span> <span class='ocrx_word' id='word_1_94' title='bbox 1098 989 1164 1032; x_wconf 90' lang='lat' dir='ltr'><strong>M.</strong></span> <span class='ocrx_word' id='word_1_95' title='bbox 1188 989 1469 1041; x_wconf 82' lang='lat' dir='ltr'><strong>Plaetorium,</strong></span> <span class='ocrx_word' id='word_1_96' title='bbox 1500 987 1624 1045; x_wconf 91' lang='lat' dir='ltr'><strong>quod</strong></span> 
     </span>
     <span class='ocr_line' id='line_1_13' title="bbox 131 1060 1625 1120; baseline -0.005 -12"><span class='ocrx_word' id='word_1_97' title='bbox 131 1063 189 1108; x_wconf 91' lang='lat' dir='ltr'><strong>ad</strong></span> <span class='ocrx_word' id='word_1_98' title='bbox 205 1063 306 1120; x_wconf 88' lang='lat' dir='ltr'><strong>ejus</strong></span> <span class='ocrx_word' id='word_1_99' title='bbox 322 1068 352 1094; x_wconf 84' lang='lat'><strong>¹³</strong></span> <span class='ocrx_word' id='word_1_100' title='bbox 385 1062 666 1119; x_wconf 89' lang='lat' dir='ltr'><strong>supplicium</strong></span> <span class='ocrx_word' id='word_1_101' title='bbox 683 1061 912 1104; x_wconf 84' lang='lat' dir='ltr'><strong>exanimis</strong></span> <span class='ocrx_word' id='word_1_102' title='bbox 924 1060 1168 1113; x_wconf 83' lang='lat' dir='ltr'><strong>ceciderat,</strong></span> <span class='ocrx_word' id='word_1_103' title='bbox 1184 1061 1397 1103; x_wconf 89' lang='lat' dir='ltr'><strong>continuo</strong></span> <span class='ocrx_word' id='word_1_104' title='bbox 1418 1060 1481 1102; x_wconf 88' lang='lat' dir='ltr'><strong>ibi</strong></span> <span class='ocrx_word' id='word_1_105' title='bbox 1501 1072 1625 1102; x_wconf 88' lang='lat' dir='ltr'><strong>mac-</strong></span> 
     </span>
     <span class='ocr_line' id='line_1_14' title="bbox 130 1130 1627 1188; baseline -0.003 -11"><span class='ocrx_word' id='word_1_106' title='bbox 130 1134 275 1178; x_wconf 83' lang='lat' dir='ltr'><strong>tavit:</strong></span> <span class='ocrx_word' id='word_1_107' title='bbox 305 1146 454 1176; x_wconf 87' lang='lat' dir='ltr'><strong>novus</strong></span> <span class='ocrx_word' id='word_1_108' title='bbox 475 1133 661 1188; x_wconf 86' lang='lat' dir='ltr'><strong>punitor</strong></span> <span class='ocrx_word' id='word_1_109' title='bbox 680 1131 1034 1185; x_wconf 82' lang='lat' dir='ltr'><strong>misericordiae3</strong></span> <span class='ocrx_word' id='word_1_110' title='bbox 1066 1130 1189 1187; x_wconf 89' lang='lat' dir='ltr'><strong>apud</strong></span> <span class='ocrx_word' id='word_1_111' title='bbox 1203 1143 1335 1187; x_wconf 88' lang='lat' dir='ltr'><strong>quem</strong></span> <span class='ocrx_word' id='word_1_112' title='bbox 1356 1130 1511 1186; x_wconf 89' lang='lat' dir='ltr'><strong>iniquo</strong></span> <span class='ocrx_word' id='word_1_113' title='bbox 1533 1130 1627 1173; x_wconf 89' lang='lat' dir='ltr'><strong>ani-</strong></span> 
     </span>
     <span class='ocr_line' id='line_1_15' title="bbox 132 1199 1627 1254; baseline -0.002 -7"><span class='ocrx_word' id='word_1_114' title='bbox 132 1216 209 1247; x_wconf 92' lang='lat' dir='ltr'><strong>mo</strong></span> <span class='ocrx_word' id='word_1_115' title='bbox 246 1203 398 1247; x_wconf 88' lang='lat' dir='ltr'><strong>scelus</strong></span> <span class='ocrx_word' id='word_1_116' title='bbox 429 1202 610 1254; x_wconf 88' lang='lat' dir='ltr'><strong>intueri,</strong></span> <span class='ocrx_word' id='word_1_117' title='bbox 644 1201 795 1244; x_wconf 92' lang='lat' dir='ltr'><strong>scelus</strong></span> <span class='ocrx_word' id='word_1_118' title='bbox 814 1205 850 1233; x_wconf 83' lang='lat'><strong>¹4</strong></span> <span class='ocrx_word' id='word_1_119' title='bbox 879 1200 1118 1244; x_wconf 84' lang='lat' dir='ltr'><strong>admittere</strong></span> <span class='ocrx_word' id='word_1_120' title='bbox 1151 1200 1252 1244; x_wconf 85' lang='lat' dir='ltr'><strong>fuit.</strong></span> <span class='ocrx_word' id='word_1_121' title='bbox 1313 1199 1406 1243; x_wconf 90' lang='lat' dir='ltr'><strong>Sed</strong></span> <span class='ocrx_word' id='word_1_122' title='bbox 1430 1205 1627 1244; x_wconf 89' lang='lat' dir='ltr'><strong>mortuo-</strong></span> 
     </span>
     <span class='ocr_line' id='line_1_16' title="bbox 131 1270 1627 1328; baseline -0.003 -11"><span class='ocrx_word' id='word_1_123' title='bbox 131 1287 232 1317; x_wconf 88' lang='lat' dir='ltr'><strong>rum</strong></span> <span class='ocrx_word' id='word_1_124' title='bbox 251 1273 425 1316; x_wconf 90' lang='lat' dir='ltr'><strong>umbris</strong></span> <span class='ocrx_word' id='word_1_125' title='bbox 446 1273 608 1315; x_wconf 88' lang='lat' dir='ltr'><strong>saltem</strong></span> <span class='ocrx_word' id='word_1_126' title='bbox 630 1271 871 1328; x_wconf 71' lang='lat' dir='ltr'><strong>pepercit?</strong></span> <span class='ocrx_word' id='word_1_127' title='bbox 936 1271 1152 1315; x_wconf 89' lang='lat' dir='ltr'><strong>Minime:</strong></span> <span class='ocrx_word' id='word_1_128' title='bbox 1182 1285 1287 1314; x_wconf 89' lang='lat' dir='ltr'><strong>nam</strong></span> <span class='ocrx_word' id='word_1_129' title='bbox 1309 1270 1362 1314; x_wconf 86' lang='lat' dir='ltr'><strong>C.</strong></span> <span class='ocrx_word' id='word_1_130' title='bbox 1378 1270 1528 1323; x_wconf 87' lang='lat' dir='ltr'><strong>Marii,</strong></span> <span class='ocrx_word' id='word_1_131' title='bbox 1549 1285 1627 1314; x_wconf 92' lang='lat' dir='ltr'><strong>cu-</strong></span> 
     </span>
     <span class='ocr_line' id='line_1_17' title="bbox 126 1340 1628 1400; baseline -0.001 -14"><span class='ocrx_word' id='word_1_132' title='bbox 126 1343 222 1400; x_wconf 87' lang='lat' dir='ltr'><strong>jus,</strong></span> <span class='ocrx_word' id='word_1_133' title='bbox 256 1343 343 1386; x_wconf 89' lang='lat' dir='ltr'><strong>etsi</strong></span> <span class='ocrx_word' id='word_1_134' title='bbox 378 1346 542 1398; x_wconf 88' lang='lat' dir='ltr'><strong>postea</strong></span> <span class='ocrx_word' id='word_1_135' title='bbox 580 1341 737 1393; x_wconf 82' lang='lat' dir='ltr'><strong>hostiS,</strong></span> <span class='ocrx_word' id='word_1_136' title='bbox 771 1344 974 1398; x_wconf 87' lang='lat' dir='ltr'><strong>quaestor</strong></span> <span class='ocrx_word' id='word_1_137' title='bbox 1004 1346 1156 1385; x_wconf 89' lang='lat' dir='ltr'><strong>tamen</strong></span> <span class='ocrx_word' id='word_1_138' title='bbox 1188 1340 1434 1397; x_wconf 91' lang='lat' dir='ltr'><strong>aliquando</strong></span> <span class='ocrx_word' id='word_1_139' title='bbox 1466 1340 1628 1394; x_wconf 85' lang='lat' dir='ltr'><strong>fuerat,</strong></span> 
     </span>
     <span class='ocr_line' id='line_1_18' title="bbox 135 1411 1629 1468; baseline -0.001 -12"><span class='ocrx_word' id='word_1_140' title='bbox 135 1415 286 1456; x_wconf 91' lang='lat' dir='ltr'><strong>erutos</strong></span> <span class='ocrx_word' id='word_1_141' title='bbox 318 1412 495 1455; x_wconf 88' lang='lat' dir='ltr'><strong>cineres</strong></span> <span class='ocrx_word' id='word_1_142' title='bbox 527 1411 577 1454; x_wconf 92' lang='lat' dir='ltr'><strong>in</strong></span> <span class='ocrx_word' id='word_1_143' title='bbox 608 1411 802 1454; x_wconf 90' lang='lat' dir='ltr'><strong>Anienis</strong></span> <span class='ocrx_word' id='word_1_144' title='bbox 818 1417 850 1443; x_wconf 88' lang='lat'><strong>¹⁵</strong></span> <span class='ocrx_word' id='word_1_145' title='bbox 883 1412 1061 1456; x_wconf 89' lang='lat' dir='ltr'><strong>alveum</strong></span> <span class='ocrx_word' id='word_1_146' title='bbox 1095 1411 1277 1467; x_wconf 87' lang='lat' dir='ltr'><strong>sparsit.</strong></span> <span class='ocrx_word' id='word_1_147' title='bbox 1342 1411 1428 1465; x_wconf 91' lang='lat' dir='ltr'><strong>En,</strong></span> <span class='ocrx_word' id='word_1_148' title='bbox 1461 1411 1629 1468; x_wconf 90' lang='lat' dir='ltr'><strong>quibus</strong></span> 
     </span>
     <span class='ocr_line' id='line_1_19' title="bbox 135 1480 1476 1539; baseline 0 -13"><span class='ocrx_word' id='word_1_149' title='bbox 135 1481 252 1526; x_wconf 87' lang='lat' dir='ltr'><strong>actis</strong></span> <span class='ocrx_word' id='word_1_150' title='bbox 274 1481 537 1525; x_wconf 86' lang='lat' dir='ltr'><strong>Felicitatis</strong></span> <span class='ocrx_word' id='word_1_151' title='bbox 561 1494 812 1538; x_wconf 87' lang='lat' dir='ltr'><strong>cognomen</strong></span> <span class='ocrx_word' id='word_1_152' title='bbox 826 1480 890 1508; x_wconf 71' lang='lat'><strong>¹⁶⁶</strong></span> <span class='ocrx_word' id='word_1_153' title='bbox 920 1481 1250 1538; x_wconf 89' lang='lat' dir='ltr'><strong>assequendum</strong></span> <span class='ocrx_word' id='word_1_154' title='bbox 1271 1482 1476 1539; x_wconf 83' lang='lat' dir='ltr'><strong>putavit!</strong></span> 
     </span>
    </p>
   </div>
   <div class='ocr_carea' id='block_1_5' title="bbox 133 1620 1630 1701">
    <p class='ocr_par' dir='ltr' id='par_1_5' title="bbox 133 1620 1630 1701">
     <span class='ocr_line' id='line_1_20' title="bbox 179 1620 1630 1666; baseline 0.001 -12"><span class='ocrx_word' id='word_1_155' title='bbox 179 1620 195 1642; x_wconf 60' lang='grc' dir='ltr'><strong>ὃ</strong></span> <span class='ocrx_word' id='word_1_156' title='bbox 207 1621 356 1655; x_wconf 77' lang='lat' dir='ltr'><strong>Abscissa</strong></span> <span class='ocrx_word' id='word_1_157' title='bbox 369 1621 554 1655; x_wconf 75' lang='lat' dir='ltr'><strong>miserorum</strong></span> <span class='ocrx_word' id='word_1_158' title='bbox 565 1621 685 1666; x_wconf 75' lang='lat' dir='ltr'><strong>capita,</strong></span> <span class='ocrx_word' id='word_1_159' title='bbox 705 1632 775 1666; x_wconf 82' lang='lat' dir='ltr'><strong>quoe</strong></span> <span class='ocrx_word' id='word_1_160' title='bbox 788 1622 960 1666; x_wconf 80' lang='lat' dir='ltr'><strong>pristinum</strong></span> <span class='ocrx_word' id='word_1_161' title='bbox 968 1622 1044 1664; x_wconf 85' lang='lat' dir='ltr'><strong>sere</strong></span> <span class='ocrx_word' id='word_1_162' title='bbox 1064 1623 1169 1656; x_wconf 73' lang='lat' dir='ltr'><strong>vultus</strong></span> <span class='ocrx_word' id='word_1_163' title='bbox 1189 1622 1335 1656; x_wconf 80' lang='lat' dir='ltr'><strong>habitum</strong></span> <span class='ocrx_word' id='word_1_164' title='bbox 1358 1622 1542 1666; x_wconf 80' lang='lat' dir='ltr'><strong>retinentia,</strong></span> <span class='ocrx_word' id='word_1_165' title='bbox 1565 1623 1630 1666; x_wconf 81' lang='lat' dir='ltr'><strong>spi·</strong></span> 
     </span>
     <span class='ocr_line' id='line_1_21' title="bbox 133 1666 535 1701; baseline 0.002 -2"><span class='ocrx_word' id='word_1_166' title='bbox 133 1675 207 1699; x_wconf 76' lang='lat' dir='ltr'><strong>rare</strong></span> <span class='ocrx_word' id='word_1_167' title='bbox 219 1667 321 1700; x_wconf 73' lang='lat' dir='ltr'><strong>adhuc</strong></span> <span class='ocrx_word' id='word_1_168' title='bbox 334 1666 535 1701; x_wconf 76' lang='lat' dir='ltr'><strong>videbantur.</strong></span> 
     </span>
    </p>
   </div>
   <div class='ocr_carea' id='block_1_6' title="bbox 772 1721 1018 1736">
    <p class='ocr_par' dir='ltr' id='par_1_6' title="bbox 772 1721 1018 1736">
     <span class='ocr_line' id='line_1_22' title="bbox 772 1721 1018 1736; baseline 0.004 -2"><span class='ocrx_word' id='word_1_169' title='bbox 772 1721 1018 1736; x_wconf 61' lang='lat' dir='ltr'><strong>mm</strong></span> 
     </span>
    </p>
   </div>
   <div class='ocr_carea' id='block_1_7' title="bbox 137 1796 1636 2240">
    <p class='ocr_par' dir='ltr' id='par_1_7' title="bbox 137 1796 1636 2240">
     <span class='ocr_line' id='line_1_23' title="bbox 138 1796 1633 1837; baseline 0.001 -8"><span class='ocrx_word' id='word_1_170' title='bbox 138 1799 172 1830; x_wconf 83' lang='lat'><strong>⁵.</strong></span> <span class='ocrx_word' id='word_1_171' title='bbox 187 1797 472 1829; x_wconf 75' lang='lat' dir='ltr'><strong>nomenculatorem</strong></span> <span class='ocrx_word' id='word_1_172' title='bbox 483 1807 497 1836; x_wconf 91' lang='lat'><strong>,·</strong></span> <span class='ocrx_word' id='word_1_173' title='bbox 519 1796 637 1831; x_wconf 89' lang='lat' dir='ltr'><strong>Bitur.</strong></span> <span class='ocrx_word' id='word_1_174' title='bbox 658 1799 690 1830; x_wconf 87' lang='lat'><strong>1.</strong></span> <span class='ocrx_word' id='word_1_175' title='bbox 715 1796 992 1829; x_wconf 79' lang='lat' dir='ltr'><strong>novimculutorem</strong></span> <span class='ocrx_word' id='word_1_176' title='bbox 1003 1806 1018 1835; x_wconf 75' lang='lat'><strong>,-</strong></span> <span class='ocrx_word' id='word_1_177' title='bbox 1038 1797 1194 1829; x_wconf 87' lang='lat' dir='ltr'><strong>nonnulli</strong></span> <span class='ocrx_word' id='word_1_178' title='bbox 1208 1797 1356 1831; x_wconf 88' lang='lat' dir='ltr'><strong>Torren.</strong></span> <span class='ocrx_word' id='word_1_179' title='bbox 1375 1797 1633 1837; x_wconf 63' lang='lat' dir='ltr'><strong>nomenata-um,-</strong></span> 
     </span>
     <span class='ocr_line' id='line_1_24' title="bbox 139 1841 1632 1883; baseline 0.001 -10"><span class='ocrx_word' id='word_1_180' title='bbox 139 1841 238 1881; x_wconf 85' lang='lat' dir='ltr'><strong>item,</strong></span> <span class='ocrx_word' id='word_1_181' title='bbox 252 1841 380 1873; x_wconf 77' lang='lat' dir='ltr'><strong>nomina</strong></span> <span class='ocrx_word' id='word_1_182' title='bbox 395 1841 587 1880; x_wconf 58' lang='lat' dir='ltr'><strong>curionem,-</strong></span> <span class='ocrx_word' id='word_1_183' title='bbox 610 1851 698 1874; x_wconf 90' lang='lat' dir='ltr'><strong>unus</strong></span> <span class='ocrx_word' id='word_1_184' title='bbox 713 1841 832 1882; x_wconf 88' lang='lat' dir='ltr'><strong>etiam,</strong></span> <span class='ocrx_word' id='word_1_185' title='bbox 844 1842 1116 1883; x_wconf 74' lang='lat' dir='ltr'><strong>numum-olarios,</strong></span> <span class='ocrx_word' id='word_1_186' title='bbox 1129 1846 1167 1874; x_wconf 85' lang='lat' dir='ltr'><strong>ct</strong></span> <span class='ocrx_word' id='word_1_187' title='bbox 1183 1842 1288 1883; x_wconf 88' lang='lat' dir='ltr'><strong>alter,</strong></span> <span class='ocrx_word' id='word_1_188' title='bbox 1313 1853 1424 1875; x_wconf 84' lang='lat' dir='ltr'><strong>nomen</strong></span> <span class='ocrx_word' id='word_1_189' title='bbox 1442 1843 1632 1876; x_wconf 78' lang='lat' dir='ltr'><strong>delatorum.</strong></span> 
     </span>
     <span class='ocr_line' id='line_1_25' title="bbox 138 1885 1633 1929; baseline 0.001 -11"><span class='ocrx_word' id='word_1_190' title='bbox 138 1888 227 1918; x_wconf 86' lang='lat'><strong>—10</strong></span> <span class='ocrx_word' id='word_1_191' title='bbox 250 1885 335 1917; x_wconf 86' lang='lat' dir='ltr'><strong>Par.</strong></span> <span class='ocrx_word' id='word_1_192' title='bbox 349 1888 382 1918; x_wconf 83' lang='lat'><strong>2.</strong></span> <span class='ocrx_word' id='word_1_193' title='bbox 407 1885 529 1919; x_wconf 88' lang='lat' dir='ltr'><strong>Leidd.</strong></span> <span class='ocrx_word' id='word_1_194' title='bbox 547 1888 577 1919; x_wconf 89' lang='lat'><strong>1.</strong></span> <span class='ocrx_word' id='word_1_195' title='bbox 592 1888 626 1919; x_wconf 88' lang='grc'><strong>6.</strong></span> <span class='ocrx_word' id='word_1_196' title='bbox 644 1891 682 1919; x_wconf 92' lang='lat' dir='ltr'><strong>et</strong></span> <span class='ocrx_word' id='word_1_197' title='bbox 697 1885 823 1928; x_wconf 89' lang='lat' dir='ltr'><strong>Copes.</strong></span> <span class='ocrx_word' id='word_1_198' title='bbox 838 1885 1096 1927; x_wconf 74' lang='lat' dir='ltr'><strong>inexplicabilis;</strong></span> <span class='ocrx_word' id='word_1_199' title='bbox 1120 1886 1219 1919; x_wconf 92' lang='lat' dir='ltr'><strong>Leid.</strong></span> <span class='ocrx_word' id='word_1_200' title='bbox 1234 1890 1268 1919; x_wconf 83' lang='grc'><strong>2.</strong></span> <span class='ocrx_word' id='word_1_201' title='bbox 1283 1886 1498 1929; x_wconf 78' lang='lat' dir='ltr'><strong>inexplebilis,</strong></span> <span class='ocrx_word' id='word_1_202' title='bbox 1514 1892 1551 1920; x_wconf 89' lang='lat' dir='ltr'><strong>et</strong></span> <span class='ocrx_word' id='word_1_203' title='bbox 1567 1896 1633 1929; x_wconf 88' lang='lat' dir='ltr'><strong>pro</strong></span> 
     </span>
     <span class='ocr_line' id='line_1_26' title="bbox 137 1929 1634 1973; baseline 0.001 -11"><span class='ocrx_word' id='word_1_204' title='bbox 137 1939 172 1962; x_wconf 78' lang='lat' dir='ltr'><strong>v·</strong></span> <span class='ocrx_word' id='word_1_205' title='bbox 199 1929 224 1962; x_wconf 89' lang='grc'><strong>1.</strong></span> <span class='ocrx_word' id='word_1_206' title='bbox 247 1929 504 1971; x_wconf 48' lang='lat' dir='ltr'><strong>inexplicabilia</strong></span> <span class='ocrx_word' id='word_1_207' title='bbox 527 1929 620 1962; x_wconf 91' lang='lat' dir='ltr'><strong>uude</strong></span> <span class='ocrx_word' id='word_1_208' title='bbox 633 1929 819 1962; x_wconf 78' lang='lat' dir='ltr'><strong>Torrenius</strong></span> <span class='ocrx_word' id='word_1_209' title='bbox 842 1931 934 1973; x_wconf 87' lang='lat' dir='ltr'><strong>conj.</strong></span> <span class='ocrx_word' id='word_1_210' title='bbox 956 1930 1260 1972; x_wconf 61' lang='lat' dir='ltr'><strong>inexpiabilia—11</strong></span> <span class='ocrx_word' id='word_1_211' title='bbox 1285 1931 1489 1964; x_wconf 82' lang='lat' dir='ltr'><strong>Perizonius</strong></span> <span class='ocrx_word' id='word_1_212' title='bbox 1510 1930 1634 1964; x_wconf 83' lang='lat' dir='ltr'><strong>timide</strong></span> 
     </span>
     <span class='ocr_line' id='line_1_27' title="bbox 138 1973 1636 2017; baseline 0.002 -12"><span class='ocrx_word' id='word_1_213' title='bbox 138 1973 234 2015; x_wconf 88' lang='lat' dir='ltr'><strong>conj.</strong></span> <span class='ocrx_word' id='word_1_214' title='bbox 257 1983 374 2011; x_wconf 75' lang='lat' dir='ltr'><strong>vocem,</strong></span> <span class='ocrx_word' id='word_1_215' title='bbox 401 1974 457 2006; x_wconf 89' lang='lat' dir='ltr'><strong>vel</strong></span> <span class='ocrx_word' id='word_1_216' title='bbox 481 1976 594 2014; x_wconf 82' lang='lat' dir='ltr'><strong>vitam,</strong></span> <span class='ocrx_word' id='word_1_217' title='bbox 617 1974 839 2017; x_wconf 81' lang='lat' dir='ltr'><strong>improbante</strong></span> <span class='ocrx_word' id='word_1_218' title='bbox 866 1974 1021 2017; x_wconf 80' lang='lat' dir='ltr'><strong>Kappio.</strong></span> <span class='ocrx_word' id='word_1_219' title='bbox 1067 1975 1201 2008; x_wconf 85' lang='lat' dir='ltr'><strong>Omnes</strong></span> <span class='ocrx_word' id='word_1_220' title='bbox 1225 1975 1327 2008; x_wconf 89' lang='lat' dir='ltr'><strong>codd.</strong></span> <span class='ocrx_word' id='word_1_221' title='bbox 1343 1977 1498 2008; x_wconf 85' lang='lat' dir='ltr'><strong>retinent</strong></span> <span class='ocrx_word' id='word_1_222' title='bbox 1511 1976 1636 2008; x_wconf 76' lang='lat' dir='ltr'><strong>vultum</strong></span> 
     </span>
     <span class='ocr_line' id='line_1_28' title="bbox 139 2017 1634 2062; baseline 0.003 -13"><span class='ocrx_word' id='word_1_223' title='bbox 139 2017 215 2049; x_wconf 84' lang='lat' dir='ltr'><strong>sine</strong></span> <span class='ocrx_word' id='word_1_224' title='bbox 231 2018 523 2050; x_wconf 80' lang='lat' dir='ltr'><strong>mutatione.—l2</strong></span> <span class='ocrx_word' id='word_1_225' title='bbox 547 2019 675 2060; x_wconf 87' lang='lat' dir='ltr'><strong>Copes.</strong></span> <span class='ocrx_word' id='word_1_226' title='bbox 693 2018 821 2061; x_wconf 86' lang='lat' dir='ltr'><strong>Ultraj.</strong></span> <span class='ocrx_word' id='word_1_227' title='bbox 835 2021 868 2051; x_wconf 85' lang='lat'><strong>2.</strong></span> <span class='ocrx_word' id='word_1_228' title='bbox 887 2019 988 2052; x_wconf 85' lang='lat' dir='ltr'><strong>Harl.</strong></span> <span class='ocrx_word' id='word_1_229' title='bbox 1003 2019 1086 2052; x_wconf 84' lang='lat' dir='ltr'><strong>Par.</strong></span> <span class='ocrx_word' id='word_1_230' title='bbox 1101 2023 1133 2053; x_wconf 81' lang='lat'><strong>2.</strong></span> <span class='ocrx_word' id='word_1_231' title='bbox 1149 2024 1187 2052; x_wconf 84' lang='lat' dir='ltr'><strong>et</strong></span> <span class='ocrx_word' id='word_1_232' title='bbox 1202 2019 1273 2052; x_wconf 86' lang='lat' dir='ltr'><strong>duo</strong></span> <span class='ocrx_word' id='word_1_233' title='bbox 1290 2019 1392 2054; x_wconf 86' lang='lat' dir='ltr'><strong>Leid.</strong></span> <span class='ocrx_word' id='word_1_234' title='bbox 1409 2019 1566 2062; x_wconf 75' lang='lat' dir='ltr'><strong>infelices,</strong></span> <span class='ocrx_word' id='word_1_235' title='bbox 1581 2030 1634 2054; x_wconf 87' lang='lat' dir='ltr'><strong>sc.</strong></span> 
     </span>
     <span class='ocr_line' id='line_1_29' title="bbox 139 2062 1634 2107; baseline 0.003 -14"><span class='ocrx_word' id='word_1_236' title='bbox 139 2062 357 2094; x_wconf 60' lang='lat' dir='ltr'><strong>oculum—13</strong></span> <span class='ocrx_word' id='word_1_237' title='bbox 382 2062 455 2096; x_wconf 86' lang='lat' dir='ltr'><strong>Pro</strong></span> <span class='ocrx_word' id='word_1_238' title='bbox 470 2062 538 2104; x_wconf 69' lang='lat' dir='ltr'><strong>eius</strong></span> <span class='ocrx_word' id='word_1_239' title='bbox 550 2067 674 2095; x_wconf 86' lang='lat' dir='ltr'><strong>contra</strong></span> <span class='ocrx_word' id='word_1_240' title='bbox 686 2063 795 2096; x_wconf 86' lang='lat' dir='ltr'><strong>libros</strong></span> <span class='ocrx_word' id='word_1_241' title='bbox 809 2062 954 2104; x_wconf 84' lang='lat' dir='ltr'><strong>Pighius</strong></span> <span class='ocrx_word' id='word_1_242' title='bbox 966 2073 1009 2096; x_wconf 85' lang='lat' dir='ltr'><strong>ex</strong></span> <span class='ocrx_word' id='word_1_243' title='bbox 1027 2064 1101 2096; x_wconf 86' lang='lat' dir='ltr'><strong>solo</strong></span> <span class='ocrx_word' id='word_1_244' title='bbox 1117 2064 1250 2096; x_wconf 87' lang='lat' dir='ltr'><strong>Cauch.</strong></span> <span class='ocrx_word' id='word_1_245' title='bbox 1267 2063 1382 2097; x_wconf 80' lang='lat' dir='ltr'><strong>edidit</strong></span> <span class='ocrx_word' id='word_1_246' title='bbox 1395 2065 1511 2107; x_wconf 82' lang='lat' dir='ltr'><strong>Marii,</strong></span> <span class='ocrx_word' id='word_1_247' title='bbox 1523 2074 1567 2097; x_wconf 84' lang='lat' dir='ltr'><strong>ex</strong></span> <span class='ocrx_word' id='word_1_248' title='bbox 1582 2064 1634 2098; x_wconf 87' lang='lat' dir='ltr'><strong>in-</strong></span> 
     </span>
     <span class='ocr_line' id='line_1_30' title="bbox 140 2107 1635 2151; baseline 0.003 -13"><span class='ocrx_word' id='word_1_249' title='bbox 140 2109 432 2148; x_wconf 86' lang='lat' dir='ltr'><strong>terpretamento.</strong></span> <span class='ocrx_word' id='word_1_250' title='bbox 466 2107 547 2139; x_wconf 91' lang='lat' dir='ltr'><strong>Duo</strong></span> <span class='ocrx_word' id='word_1_251' title='bbox 563 2112 622 2139; x_wconf 86' lang='lat' dir='ltr'><strong>aut</strong></span> <span class='ocrx_word' id='word_1_252' title='bbox 636 2112 709 2140; x_wconf 88' lang='lat' dir='ltr'><strong>tres</strong></span> <span class='ocrx_word' id='word_1_253' title='bbox 721 2107 824 2140; x_wconf 91' lang='lat' dir='ltr'><strong>codd.</strong></span> <span class='ocrx_word' id='word_1_254' title='bbox 841 2108 986 2141; x_wconf 86' lang='lat' dir='ltr'><strong>Torren.</strong></span> <span class='ocrx_word' id='word_1_255' title='bbox 1001 2108 1076 2149; x_wconf 81' lang='lat' dir='ltr'><strong>qaia</strong></span> <span class='ocrx_word' id='word_1_256' title='bbox 1086 2109 1127 2141; x_wconf 84' lang='lat' dir='ltr'><strong>ad</strong></span> <span class='ocrx_word' id='word_1_257' title='bbox 1142 2108 1230 2149; x_wconf 75' lang='lat' dir='ltr'><strong>ejus,·</strong></span> <span class='ocrx_word' id='word_1_258' title='bbox 1254 2108 1363 2142; x_wconf 88' lang='lat' dir='ltr'><strong>Barb.</strong></span> <span class='ocrx_word' id='word_1_259' title='bbox 1382 2111 1413 2142; x_wconf 91' lang='lat' dir='ltr'><strong>l.</strong></span> <span class='ocrx_word' id='word_1_260' title='bbox 1428 2108 1483 2151; x_wconf 83' lang='lat' dir='ltr'><strong>qui</strong></span> <span class='ocrx_word' id='word_1_261' title='bbox 1497 2111 1539 2142; x_wconf 81' lang='lat' dir='ltr'><strong>ad</strong></span> <span class='ocrx_word' id='word_1_262' title='bbox 1557 2109 1635 2151; x_wconf 62' lang='lat' dir='ltr'><strong>dus.</strong></span> 
     </span>
     <span class='ocr_line' id='line_1_31' title="bbox 140 2151 1634 2194; baseline 0.002 -11"><span class='ocrx_word' id='word_1_263' title='bbox 140 2153 228 2183; x_wconf 79' lang='lat'><strong>—14</strong></span> <span class='ocrx_word' id='word_1_264' title='bbox 253 2151 382 2193; x_wconf 88' lang='lat' dir='ltr'><strong>Copes.</strong></span> <span class='ocrx_word' id='word_1_265' title='bbox 412 2151 545 2184; x_wconf 90' lang='lat' dir='ltr'><strong>omittit</strong></span> <span class='ocrx_word' id='word_1_266' title='bbox 569 2152 670 2184; x_wconf 74' lang='lat' dir='ltr'><strong>scetus</strong></span> <span class='ocrx_word' id='word_1_267' title='bbox 695 2152 801 2194; x_wconf 87' lang='lat' dir='ltr'><strong>priori</strong></span> <span class='ocrx_word' id='word_1_268' title='bbox 830 2151 923 2192; x_wconf 90' lang='lat' dir='ltr'><strong>loco,</strong></span> <span class='ocrx_word' id='word_1_269' title='bbox 952 2152 1125 2194; x_wconf 87' lang='lat' dir='ltr'><strong>probante</strong></span> <span class='ocrx_word' id='word_1_270' title='bbox 1155 2152 1440 2186; x_wconf 82' lang='lat' dir='ltr'><strong>Perizouio.——l5</strong></span> <span class='ocrx_word' id='word_1_271' title='bbox 1466 2153 1634 2186; x_wconf 84' lang='lat' dir='ltr'><strong>Nonnulli</strong></span> 
     </span>
     <span class='ocr_line' id='line_1_32' title="bbox 140 2194 1634 2240; baseline 0.003 -13"><span class='ocrx_word' id='word_1_272' title='bbox 140 2194 244 2228; x_wconf 85' lang='lat' dir='ltr'><strong>codd.</strong></span> <span class='ocrx_word' id='word_1_273' title='bbox 265 2195 411 2228; x_wconf 70' lang='lat' dir='ltr'><strong>Torret».</strong></span> <span class='ocrx_word' id='word_1_274' title='bbox 427 2195 461 2228; x_wconf 84' lang='lat' dir='ltr'><strong>in</strong></span> <span class='ocrx_word' id='word_1_275' title='bbox 475 2195 681 2230; x_wconf 57' lang='lat' dir='ltr'><strong>ainaim-16</strong></span> <span class='ocrx_word' id='word_1_276' title='bbox 708 2196 826 2230; x_wconf 68' lang='lat' dir='ltr'><strong>Felicis</strong></span> <span class='ocrx_word' id='word_1_277' title='bbox 839 2206 1009 2238; x_wconf 82' lang='lat' dir='ltr'><strong>cognomen</strong></span> <span class='ocrx_word' id='word_1_278' title='bbox 1026 2197 1130 2240; x_wconf 84' lang='lat' dir='ltr'><strong>Pigh.</strong></span> <span class='ocrx_word' id='word_1_279' title='bbox 1151 2197 1280 2240; x_wconf 87' lang='lat' dir='ltr'><strong>Delph.</strong></span> <span class='ocrx_word' id='word_1_280' title='bbox 1295 2198 1414 2231; x_wconf 84' lang='lat' dir='ltr'><strong>Vorst.</strong></span> <span class='ocrx_word' id='word_1_281' title='bbox 1429 2198 1508 2232; x_wconf 86' lang='lat' dir='ltr'><strong>alii:</strong></span> <span class='ocrx_word' id='word_1_282' title='bbox 1523 2197 1634 2239; x_wconf 77' lang='lat' dir='ltr'><strong>felici-</strong></span> 
     </span>
    </p>
   </div>
   <div class='ocr_carea' id='block_1_8' title="bbox 810 2286 956 2321">
    <p class='ocr_par' dir='ltr' id='par_1_8' title="bbox 810 2286 956 2321">
     <span class='ocr_line' id='line_1_33' title="bbox 810 2286 956 2321; baseline -0.007 0"><span class='ocrx_word' id='word_1_283' title='bbox 810 2286 956 2321; x_wconf 78' lang='lat' dir='ltr'>NOTAE</span> 
     </span>
    </p>
   </div>
   <div class='ocr_carea' id='block_1_9' title="bbox 142 2362 865 2934">
    <p class='ocr_par' dir='ltr' id='par_1_9' title="bbox 142 2362 865 2877">
     <span class='ocr_line' id='line_1_34' title="bbox 186 2362 862 2406; baseline 0 -10"><span class='ocrx_word' id='word_1_284' title='bbox 186 2362 202 2385; x_wconf 81' lang='lat'><strong>‘¹</strong></span> <span class='ocrx_word' id='word_1_285' title='bbox 228 2363 271 2396; x_wconf 87' lang='lat' dir='ltr'><strong>In</strong></span> <span class='ocrx_word' id='word_1_286' title='bbox 285 2363 338 2398; x_wconf 83' lang='lat' dir='ltr'><strong>M.</strong></span> <span class='ocrx_word' id='word_1_287' title='bbox 350 2363 461 2396; x_wconf 79' lang='lat' dir='ltr'><strong>Mario</strong></span> <span class='ocrx_word' id='word_1_288' title='bbox 473 2363 629 2406; x_wconf 75' lang='lat' dir='ltr'><strong>pretore]</strong></span> <span class='ocrx_word' id='word_1_289' title='bbox 652 2363 768 2397; x_wconf 85' lang='lat' dir='ltr'><strong>Aliter</strong></span> <span class='ocrx_word' id='word_1_290' title='bbox 779 2364 862 2397; x_wconf 87' lang='lat' dir='ltr'><strong>Plu-</strong></span> 
     </span>
     <span class='ocr_line' id='line_1_35' title="bbox 142 2415 862 2459; baseline 0 -10"><span class='ocrx_word' id='word_1_291' title='bbox 142 2415 299 2449; x_wconf 80' lang='lat' dir='ltr'><strong>tarchus.</strong></span> <span class='ocrx_word' id='word_1_292' title='bbox 354 2415 397 2448; x_wconf 90' lang='lat' dir='ltr'><strong>L.</strong></span> <span class='ocrx_word' id='word_1_293' title='bbox 422 2416 587 2458; x_wconf 82' lang='lat' dir='ltr'><strong>Catilina,</strong></span> <span class='ocrx_word' id='word_1_294' title='bbox 603 2416 862 2459; x_wconf 85' lang='lat' dir='ltr'><strong>proscriptione</strong></span> 
     </span>
     <span class='ocr_line' id='line_1_36' title="bbox 142 2467 861 2510; baseline 0.001 -9"><span class='ocrx_word' id='word_1_295' title='bbox 142 2468 296 2502; x_wconf 90' lang='lat' dir='ltr'><strong>nondum</strong></span> <span class='ocrx_word' id='word_1_296' title='bbox 321 2468 480 2510; x_wconf 83' lang='lat' dir='ltr'><strong>decreta,</strong></span> <span class='ocrx_word' id='word_1_297' title='bbox 501 2467 645 2501; x_wconf 83' lang='lat' dir='ltr'><strong>fratrem</strong></span> <span class='ocrx_word' id='word_1_298' title='bbox 668 2478 747 2502; x_wconf 91' lang='lat' dir='ltr'><strong>cum</strong></span> <span class='ocrx_word' id='word_1_299' title='bbox 770 2468 861 2502; x_wconf 90' lang='lat' dir='ltr'><strong>occi·</strong></span> 
     </span>
     <span class='ocr_line' id='line_1_37' title="bbox 142 2519 860 2564; baseline 0.001 -11"><span class='ocrx_word' id='word_1_300' title='bbox 142 2520 265 2563; x_wconf 85' lang='lat' dir='ltr'><strong>disset,</strong></span> <span class='ocrx_word' id='word_1_301' title='bbox 288 2520 420 2564; x_wconf 82' lang='lat' dir='ltr'><strong>Syllam</strong></span> <span class='ocrx_word' id='word_1_302' title='bbox 437 2519 526 2562; x_wconf 88' lang='lat' dir='ltr'><strong>adit,</strong></span> <span class='ocrx_word' id='word_1_303' title='bbox 542 2524 643 2562; x_wconf 82' lang='lat' dir='ltr'><strong>rogat</strong></span> <span class='ocrx_word' id='word_1_304' title='bbox 659 2523 699 2553; x_wconf 90' lang='lat' dir='ltr'><strong>ut</strong></span> <span class='ocrx_word' id='word_1_305' title='bbox 712 2519 860 2554; x_wconf 86' lang='lat' dir='ltr'><strong>fratrem</strong></span> 
     </span>
     <span class='ocr_line' id='line_1_38' title="bbox 142 2574 860 2617; baseline 0 -11"><span class='ocrx_word' id='word_1_306' title='bbox 142 2574 242 2617; x_wconf 90' lang='lat' dir='ltr'><strong>quasi</strong></span> <span class='ocrx_word' id='word_1_307' title='bbox 261 2574 466 2607; x_wconf 87' lang='lat' dir='ltr'><strong>incolumem</strong></span> <span class='ocrx_word' id='word_1_308' title='bbox 484 2574 702 2616; x_wconf 80' lang='lat' dir='ltr'><strong>proscribat:</strong></span> <span class='ocrx_word' id='word_1_309' title='bbox 727 2583 860 2607; x_wconf 89' lang='lat' dir='ltr'><strong>morem</strong></span> 
     </span>
     <span class='ocr_line' id='line_1_39' title="bbox 142 2626 861 2669; baseline 0 -10"><span class='ocrx_word' id='word_1_310' title='bbox 142 2626 195 2659; x_wconf 89' lang='lat' dir='ltr'><strong>illi</strong></span> <span class='ocrx_word' id='word_1_311' title='bbox 212 2626 322 2668; x_wconf 83' lang='lat' dir='ltr'><strong>gessit</strong></span> <span class='ocrx_word' id='word_1_312' title='bbox 335 2626 451 2669; x_wconf 76' lang='lat' dir='ltr'><strong>Sylla3</strong></span> <span class='ocrx_word' id='word_1_313' title='bbox 474 2626 622 2669; x_wconf 81' lang='lat' dir='ltr'><strong>gratiam</strong></span> <span class='ocrx_word' id='word_1_314' title='bbox 639 2635 723 2659; x_wconf 83' lang='lat' dir='ltr'><strong>vero</strong></span> <span class='ocrx_word' id='word_1_315' title='bbox 747 2630 787 2659; x_wconf 90' lang='lat' dir='ltr'><strong>ut</strong></span> <span class='ocrx_word' id='word_1_316' title='bbox 809 2626 861 2659; x_wconf 87' lang='lat' dir='ltr'><strong>illi</strong></span> 
     </span>
     <span class='ocr_line' id='line_1_40' title="bbox 145 2676 862 2722; baseline 0.001 -12"><span class='ocrx_word' id='word_1_317' title='bbox 145 2676 300 2710; x_wconf 87' lang='lat' dir='ltr'><strong>referret</strong></span> <span class='ocrx_word' id='word_1_318' title='bbox 330 2677 497 2718; x_wconf 82' lang='lat' dir='ltr'><strong>Catilina,</strong></span> <span class='ocrx_word' id='word_1_319' title='bbox 526 2678 578 2711; x_wconf 91' lang='lat' dir='ltr'><strong>M.</strong></span> <span class='ocrx_word' id='word_1_320' title='bbox 608 2678 775 2721; x_wconf 86' lang='lat' dir='ltr'><strong>Marium,</strong></span> <span class='ocrx_word' id='word_1_321' title='bbox 802 2678 862 2722; x_wconf 88' lang='lat' dir='ltr'><strong>qui</strong></span> 
     </span>
     <span class='ocr_line' id='line_1_41' title="bbox 143 2728 862 2773; baseline 0.003 -12"><span class='ocrx_word' id='word_1_322' title='bbox 143 2729 199 2762; x_wconf 86' lang='lat' dir='ltr'><strong>bis</strong></span> <span class='ocrx_word' id='word_1_323' title='bbox 215 2729 355 2762; x_wconf 83' lang='lat' dir='ltr'><strong>Praetor</strong></span> <span class='ocrx_word' id='word_1_324' title='bbox 368 2728 497 2771; x_wconf 85' lang='lat' dir='ltr'><strong>fuerat,</strong></span> <span class='ocrx_word' id='word_1_325' title='bbox 512 2730 623 2763; x_wconf 84' lang='lat' dir='ltr'><strong>virum</strong></span> <span class='ocrx_word' id='word_1_326' title='bbox 638 2731 769 2773; x_wconf 86' lang='lat' dir='ltr'><strong>populo</strong></span> <span class='ocrx_word' id='word_1_327' title='bbox 785 2740 862 2773; x_wconf 85' lang='lat' dir='ltr'><strong>gra-</strong></span> 
     </span>
     <span class='ocr_line' id='line_1_42' title="bbox 144 2780 864 2825; baseline 0.001 -11"><span class='ocrx_word' id='word_1_328' title='bbox 144 2781 316 2814; x_wconf 86' lang='lat' dir='ltr'><strong>tissimum</strong></span> <span class='ocrx_word' id='word_1_329' title='bbox 340 2780 522 2823; x_wconf 83' lang='lat' dir='ltr'><strong>interficit,</strong></span> <span class='ocrx_word' id='word_1_330' title='bbox 547 2787 724 2825; x_wconf 85' lang='lat' dir='ltr'><strong>caputque</strong></span> <span class='ocrx_word' id='word_1_331' title='bbox 746 2782 864 2816; x_wconf 87' lang='lat' dir='ltr'><strong>defert</strong></span> 
     </span>
     <span class='ocr_line' id='line_1_43' title="bbox 147 2833 865 2877; baseline 0 -10"><span class='ocrx_word' id='word_1_332' title='bbox 147 2833 191 2867; x_wconf 86' lang='lat' dir='ltr'><strong>ad</strong></span> <span class='ocrx_word' id='word_1_333' title='bbox 204 2834 336 2877; x_wconf 80' lang='lat' dir='ltr'><strong>Syllam</strong></span> <span class='ocrx_word' id='word_1_334' title='bbox 351 2834 386 2866; x_wconf 91' lang='lat' dir='ltr'><strong>in</strong></span> <span class='ocrx_word' id='word_1_335' title='bbox 411 2833 487 2867; x_wconf 84' lang='lat' dir='ltr'><strong>foro</strong></span> <span class='ocrx_word' id='word_1_336' title='bbox 503 2834 704 2870; x_wconf 85' lang='lat' dir='ltr'><strong>sedentem:</strong></span> <span class='ocrx_word' id='word_1_337' title='bbox 731 2835 789 2869; x_wconf 85' lang='lat' dir='ltr'><strong>alii</strong></span> <span class='ocrx_word' id='word_1_338' title='bbox 805 2845 865 2868; x_wconf 88' lang='lat' dir='ltr'><strong>vo-</strong></span> 
     </span>
    </p>

    <p class='ocr_par' dir='ltr' id='par_1_10' title="bbox 233 2889 597 2934">
     <span class='ocr_line' id='line_1_44' title="bbox 233 2889 597 2934; baseline 0 -11"><span class='ocrx_word' id='word_1_339' title='bbox 233 2889 354 2934; x_wconf 79' lang='lat' dir='ltr'><strong>Delph.</strong></span> <span class='ocrx_word' id='word_1_340' title='bbox 365 2894 396 2924; x_wconf 82' lang='lat' dir='ltr'><strong>et</strong></span> <span class='ocrx_word' id='word_1_341' title='bbox 413 2890 492 2925; x_wconf 83' lang='lat' dir='ltr'><strong>Var.</strong></span> <span class='ocrx_word' id='word_1_342' title='bbox 510 2889 597 2923; x_wconf 76' lang='lat' dir='ltr'><strong>Clas.</strong></span> 
     </span>
    </p>
   </div>
   <div class='ocr_carea' id='block_1_10' title="bbox 807 2890 994 2924">
    <p class='ocr_par' dir='ltr' id='par_1_11' title="bbox 807 2890 994 2924">
     <span class='ocr_line' id='line_1_45' title="bbox 807 2890 994 2924; baseline 0 -1"><span class='ocrx_word' id='word_1_343' title='bbox 807 2890 879 2924; x_wconf 79' lang='lat' dir='ltr'><strong>Val.</strong></span> <span class='ocrx_word' id='word_1_344' title='bbox 896 2890 994 2924; x_wconf 77' lang='lat' dir='ltr'><strong>Max.</strong></span> 
     </span>
    </p>
   </div>
   <div class='ocr_carea' id='block_1_11' title="bbox 915 2363 1637 2869">
    <p class='ocr_par' dir='ltr' id='par_1_12' title="bbox 915 2363 1637 2614">
     <span class='ocr_line' id='line_1_46' title="bbox 916 2363 1634 2406; baseline 0 -10"><span class='ocrx_word' id='word_1_345' title='bbox 916 2363 994 2398; x_wconf 89' lang='lat' dir='ltr'><strong>lunt</strong></span> <span class='ocrx_word' id='word_1_346' title='bbox 1011 2365 1164 2401; x_wconf 84' lang='lat' dir='ltr'><strong>Marium</strong></span> <span class='ocrx_word' id='word_1_347' title='bbox 1179 2365 1290 2398; x_wconf 86' lang='lat' dir='ltr'><strong>erutis</strong></span> <span class='ocrx_word' id='word_1_348' title='bbox 1313 2365 1439 2406; x_wconf 85' lang='lat' dir='ltr'><strong>oculis,</strong></span> <span class='ocrx_word' id='word_1_349' title='bbox 1462 2364 1634 2406; x_wconf 86' lang='lat' dir='ltr'><strong>manibus,</strong></span> 
     </span>
     <span class='ocr_line' id='line_1_47' title="bbox 915 2415 1636 2460; baseline -0.001 -11"><span class='ocrx_word' id='word_1_350' title='bbox 915 2416 1147 2460; x_wconf 84' lang='lat' dir='ltr'><strong>cruribusque</strong></span> <span class='ocrx_word' id='word_1_351' title='bbox 1163 2417 1317 2450; x_wconf 86' lang='lat' dir='ltr'><strong>desectis</strong></span> <span class='ocrx_word' id='word_1_352' title='bbox 1334 2415 1547 2459; x_wconf 87' lang='lat' dir='ltr'><strong>aliquamdiu</strong></span> <span class='ocrx_word' id='word_1_353' title='bbox 1561 2425 1636 2448; x_wconf 85' lang='lat' dir='ltr'><strong>ser-</strong></span> 
     </span>
     <span class='ocr_line' id='line_1_48' title="bbox 915 2467 1635 2512; baseline -0.004 -11"><span class='ocrx_word' id='word_1_354' title='bbox 915 2473 1048 2510; x_wconf 85' lang='lat' dir='ltr'><strong>vatum,</strong></span> <span class='ocrx_word' id='word_1_355' title='bbox 1070 2472 1109 2501; x_wconf 89' lang='lat' dir='ltr'><strong>ut</strong></span> <span class='ocrx_word' id='word_1_356' title='bbox 1125 2479 1189 2512; x_wconf 88' lang='lat' dir='ltr'><strong>per</strong></span> <span class='ocrx_word' id='word_1_357' title='bbox 1204 2469 1337 2511; x_wconf 83' lang='lat' dir='ltr'><strong>singula</strong></span> <span class='ocrx_word' id='word_1_358' title='bbox 1353 2467 1508 2500; x_wconf 88' lang='lat' dir='ltr'><strong>membra</strong></span> <span class='ocrx_word' id='word_1_359' title='bbox 1523 2477 1635 2499; x_wconf 87' lang='lat' dir='ltr'><strong>more-</strong></span> 
     </span>
     <span class='ocr_line' id='line_1_49' title="bbox 915 2519 1637 2564; baseline -0.001 -11"><span class='ocrx_word' id='word_1_360' title='bbox 915 2525 1034 2554; x_wconf 89' lang='lat' dir='ltr'><strong>retur:</strong></span> <span class='ocrx_word' id='word_1_361' title='bbox 1060 2521 1153 2564; x_wconf 87' lang='lat' dir='ltr'><strong>quod</strong></span> <span class='ocrx_word' id='word_1_362' title='bbox 1167 2521 1290 2554; x_wconf 86' lang='lat' dir='ltr'><strong>Cicero</strong></span> <span class='ocrx_word' id='word_1_363' title='bbox 1307 2520 1341 2552; x_wconf 89' lang='lat' dir='ltr'><strong>in</strong></span> <span class='ocrx_word' id='word_1_364' title='bbox 1358 2519 1530 2562; x_wconf 86' lang='lat' dir='ltr'><strong>petitione</strong></span> <span class='ocrx_word' id='word_1_365' title='bbox 1544 2519 1637 2552; x_wconf 88' lang='lat' dir='ltr'><strong>Con-</strong></span> 
     </span>
     <span class='ocr_line' id='line_1_50' title="bbox 916 2571 1371 2614; baseline -0.002 -8"><span class='ocrx_word' id='word_1_366' title='bbox 916 2574 1050 2606; x_wconf 83' lang='lat' dir='ltr'><strong>sulatus</strong></span> <span class='ocrx_word' id='word_1_367' title='bbox 1066 2578 1185 2605; x_wconf 83' lang='lat' dir='ltr'><strong>narrat</strong></span> <span class='ocrx_word' id='word_1_368' title='bbox 1201 2571 1371 2614; x_wconf 88' lang='lat' dir='ltr'><strong>pluribus.</strong></span> 
     </span>
    </p>

    <p class='ocr_par' dir='ltr' id='par_1_13' title="bbox 917 2621 1636 2869">
     <span class='ocr_line' id='line_1_51' title="bbox 962 2621 1634 2665; baseline -0.004 -7"><span class='ocrx_word' id='word_1_369' title='bbox 962 2630 977 2646; x_wconf 70' lang='lat'>⁰</span> <span class='ocrx_word' id='word_1_370' title='bbox 1003 2625 1179 2658; x_wconf 77' lang='lat' dir='ltr'><strong>Felicitatis</strong></span> <span class='ocrx_word' id='word_1_371' title='bbox 1203 2623 1389 2665; x_wconf 81' lang='lat' dir='ltr'><strong>cognomen]</strong></span> <span class='ocrx_word' id='word_1_372' title='bbox 1413 2621 1634 2665; x_wconf 68' lang='lat' dir='ltr'><strong>Reipublicae</strong></span> 
     </span>
     <span class='ocr_line' id='line_1_52' title="bbox 917 2674 1636 2710; baseline -0.003 -1"><span class='ocrx_word' id='word_1_373' title='bbox 917 2682 1015 2710; x_wconf 87' lang='lat' dir='ltr'><strong>certe</strong></span> <span class='ocrx_word' id='word_1_374' title='bbox 1032 2676 1077 2710; x_wconf 88' lang='lat' dir='ltr'><strong>ob</strong></span> <span class='ocrx_word' id='word_1_375' title='bbox 1091 2677 1233 2710; x_wconf 88' lang='lat' dir='ltr'><strong>nimiam</strong></span> <span class='ocrx_word' id='word_1_376' title='bbox 1250 2676 1496 2709; x_wconf 81' lang='lat' dir='ltr'><strong>crudelitatem</strong></span> <span class='ocrx_word' id='word_1_377' title='bbox 1513 2674 1636 2708; x_wconf 85' lang='lat' dir='ltr'><strong>infelix</strong></span> 
     </span>
     <span class='ocr_line' id='line_1_53' title="bbox 917 2727 1635 2770; baseline 0 -9"><span class='ocrx_word' id='word_1_378' title='bbox 917 2729 1011 2762; x_wconf 83' lang='lat' dir='ltr'><strong>fuit:</strong></span> <span class='ocrx_word' id='word_1_379' title='bbox 1035 2729 1130 2762; x_wconf 87' lang='lat' dir='ltr'><strong>unde</strong></span> <span class='ocrx_word' id='word_1_380' title='bbox 1157 2729 1214 2761; x_wconf 91' lang='lat' dir='ltr'><strong>ille</strong></span> <span class='ocrx_word' id='word_1_381' title='bbox 1231 2728 1448 2760; x_wconf 78' lang='lat' dir='ltr'><strong>versiculus:</strong></span> <span class='ocrx_word' id='word_1_382' title='bbox 1473 2728 1483 2745; x_wconf 83' lang='lat'><strong><em>⁴</em></strong></span> <span class='ocrx_word' id='word_1_383' title='bbox 1502 2727 1635 2770; x_wconf 84' lang='lat' dir='ltr'><strong>Aspice</strong></span> 
     </span>
     <span class='ocr_line' id='line_1_54' title="bbox 918 2781 1636 2825; baseline 0 -11"><span class='ocrx_word' id='word_1_384' title='bbox 918 2782 1056 2816; x_wconf 84' lang='lat' dir='ltr'><strong>felicem</strong></span> <span class='ocrx_word' id='word_1_385' title='bbox 1081 2782 1160 2825; x_wconf 85' lang='lat' dir='ltr'><strong>sibi,</strong></span> <span class='ocrx_word' id='word_1_386' title='bbox 1184 2792 1251 2815; x_wconf 88' lang='lat' dir='ltr'><strong>uon</strong></span> <span class='ocrx_word' id='word_1_387' title='bbox 1267 2781 1346 2824; x_wconf 84' lang='lat' dir='ltr'><strong>tibi,</strong></span> <span class='ocrx_word' id='word_1_388' title='bbox 1371 2781 1532 2823; x_wconf 87' lang='lat' dir='ltr'><strong>Romule,</strong></span> <span class='ocrx_word' id='word_1_389' title='bbox 1558 2781 1636 2824; x_wconf 84' lang='lat' dir='ltr'><strong>Syl-</strong></span> 
     </span>
     <span class='ocr_line' id='line_1_55' title="bbox 919 2835 1015 2869; baseline 0.01 -1"><span class='ocrx_word' id='word_1_390' title='bbox 919 2835 1015 2869; x_wconf 53' lang='lat' dir='ltr'><strong>lam?</strong></span> 
     </span>
    </p>
   </div>
   <div class='ocr_carea' id='block_1_12' title="bbox 1468 2887 1544 2921">
    <p class='ocr_par' dir='ltr' id='par_1_14' title="bbox 1468 2887 1544 2921">
     <span class='ocr_line' id='line_1_56' title="bbox 1468 2887 1544 2921; baseline 0.013 -1"><span class='ocrx_word' id='word_1_391' title='bbox 1468 2887 1544 2921; x_wconf 78' lang='lat' dir='ltr'><strong>3G</strong></span> 
     </span>
    </p>
   </div>
  </div>
 </body>
</html>
