1878 3132
274 157 360 203 560
692 171 902 203 unnim
935 172 1130 205 ΜΑΧιΜι
1166 174 1263 206 ms.
1287 175 1329 206 v.

883 363 1021 407 CAP.
1052 363 1139 408 VI.

534 495 620 539 DE
658 496 935 541 PIETATE
966 499 1144 544 ERGA
1177 498 1492 543 PATRIAM.

297 620 314 652 1
340 618 380 651 L.
398 619 493 652 Junii
509 620 612 653 Bruti
632 620 734 663 primi
749 622 828 654 Cos.
1257 631 1530 656 sxa-mmmmm.

297 665 319 694 2
342 663 393 695 Μ.
409 663 520 695 Curtii
538 674 555 695 e
585 674 616 696 u.
634 665 732 697 Rom.
1293 697 1301 705 ·
1454 698 1461 704 ι
1527 697 1535 705 ι

295 707 315 737 3
340 706 392 738 Μ.
405 707 551 738 Genmii
600 707 646 748 {pi
665 711 766 749 praet,
1065 700 1082 729 1
1108 697 1213 730 Codri
1230 707 1319 738 regis
1336 696 1611 730 Atheniensium.

294 750 316 780 4
339 749 384 782 Q.
401 750 479 780 AElii
496 750 587 782 Paeti
606 751 778 791 praetorffs,
1061 743 1082 773 2
1104 741 1310 783 Thrasybuli
1325 741 1560 773 Atheniensis.

294 795 314 823 5
340 792 382 825 P.
397 793 499 824 Decii
513 794 556 827 Q,
572 794 610 824 F,
629 794 707 826 (ξος,
1060 787 1080 816 3
1103 784 1348 816 Themistoclis
1365 783 1598 816 Atheniensis.

294 837 316 866 6
339 835 380 867 Ρ.
397 836 501 867 Decii
514 837 556 868 Ρ,
570 837 608 868 F,
626 837 707 869 (305,
1058 830 1079 859 4
1103 827 1335 859 Philaenorum
1351 826 1512 859 fratrum.

294 879 315 908 ⁷
339 878 381 910 P.
400 877 554 911 Africani
570 880 720 921 majoris.
1058 874 1077 902 5
1104 869 1304 904 Aristotelis
1319 870 1509 913 Stagiritae.

292 920 322 953 8⁹
338 920 472 953 Civium
488 920 728 956 Romanorum.

327 1018 659 1063 ARcrissiMis
682 1020 910 1076 sanguinis
939 1020 1133 1064 vinculis
1154 1020 1303 1076 pietas
1335 1019 1578 1063 satisfecit:
1606 1024 1752 1064 restat·

270 1099 387 1129 nunc
420 1092 469 1129 ut
499 1090 661 1143 patriae
692 1090 970 1132 exhibeatur.
1031 1089 1173 1145 Cujus
1207 1089 1450 1144 majestati,
1484 1089 1619 1132 etiam-
1649 1089 1747 1142 illa,

270 1168 373 1210 quae
410 1155 609 1199 Deorum
658 1157 916 1200 numinibus
956 1161 1173 1213 aequatur,
1224 1157 1470 1200 auctoritas
1510 1160 1746 1212 parentum

269 1223 389 1265 vires
423 1237 531 1266 suas
552 1225 773 1280 subjecit:
805 1226 999 1268 fraterna
1020 1238 1202 1280 quoque
1234 1225 1400 1267 caritas
1432 1237 1563 1280 aequo
1597 1225 1749 1269 animo.

272 1303 327 1332 ac
346 1291 504 1334 libenti
523 1295 535 1314 ¹
558 1294 705 1347 cedit;
735 1307 910 1336 summa
929 1293 1110 1348 quidem
1127 1306 1228 1335 cum
1241 1293 1424 1335 ratione.
1457 1292 1580 1344 Quia
1591 1306 1750 1337 eversa

270 1357 420 1410 domo,
451 1361 723 1404 intentatus2
753 1361 1017 1416 reipublicae
1051 1365 1194 1404 status
1215 1375 1395 1403 manere
1415 1365 1592 1416 potest:
1622 1362 1747 1404 urbis

269 1427 411 1479 ruina,
434 1435 618 1483 penates
640 1431 837 1472 omnium
858 1430 1005 1472 trahat
1025 1443 1179 1472 secum
1193 1435 1206 1460 ³
1229 1442 1412 1472 necesse
1433 1433 1517 1472 est.
1574 1429 1746 1472 Verum

269 1495 375 1549 quid
397 1497 560 1539 attinet
581 1498 733 1540 verbis
765 1498 855 1540 ista
886 1498 1157 1553 complecti?
1188 1511 1379 1553 quorum
1412 1501 1538 1541 tanta
1557 1497 1635 1541 vis*
1659 1502 1747 1549 est,

269 1566 320 1605 ut
339 1563 482 1620 aliqui
503 1579 557 1608 ea
577 1567 770 1608 salutis4
790 1580 885 1609 suae
905 1566 1136 1622 impendio
1157 1566 1313 1609 testati
1334 1566 1439 1609 sint.

327 1632 369 1675 1.
401 1632 567 1676 Brutus
586 1636 738 1677 consul
754 1636 925 1690 primus
947 1640 1047 1678 cum
1068 1634 1239 1677 Arunte
1257 1634 1515 1689 Tarquinii⁵
1537 1633 1751 1689 Superbi,

268 1711 408 1753 regno
429 1703 627 1756 expulsi,
661 1703 759 1744 filio
779 1704 823 1745 in
857 1704 955 1745 acie
976 1704 1042 1745 ita
1068 1702 1223 1758 [equo]
1245 1701 1481 1754 concurrit,
1512 1708 1564 1743 ut
1582 1702 1749 1756 pariter

267 1766 409 1821 illatis
430 1769 589 1823 hastiS,
610 1775 797 1827 uterque
832 1772 1059 1814 mortifero
1074 1770 1092 1797 ⁶
1125 1771 1305 1814 vulnere
1324 1775 1341 1792 ²
1377 1770 1493 1812 ictus
1525 1769 1748 1812 exanimis

880 1882 1121 1896 “mm

313 1958 333 1988 1
357 1955 560 1997 Complures
578 1957 681 1990 codd.
693 1963 728 1991 et
744 1957 826 1991 edd.
843 1963 924 1991 ante
940 1958 1113 2000 Pighium,
1136 1969 1173 1991 ac
1188 1958 1397 1990 libentem—2
1421 1957 1431 1975 ‘
1446 1955 1504 1990 Ita
1527 1957 1672 1999 Pighius
1700 1966 1748 1990 ex>

270 1999 470 2031 Cauchiano
486 2001 678 2042 rescripsit.
710 2001 834 2035 Ati-eb.
851 2007 888 2035 et
904 2002 1045 2035 Gembl.
1062 2003 1244 2034 intestatus.
1288 2002 1330 2033 In
1347 2000 1480 2033 duobus
1497 2000 1605 2042 Lipsii
1616 2000 1744 2033 veteri-

270 2042 335 2075 bus
350 2043 509 2075 interdum
519 2044 677 2085 proprius,
699 2044 739 2087 (i.
750 2055 784 2078 e.
800 2045 947 2086 stabilis,
959 2052 1149 2087 perpetuus
1166 2045 1423 2086 opponiturque
1437 2045 1483 2084 τῷ
1497 2043 1620 2086 eversa)
1642 2048 1680 2076 et
1693 2044 1745 2076 sic

270 2095 407 2128 quoque
428 2086 557 2127 legitur
573 2088 607 2118 in
626 2087 723 2120 Leid.
752 2093 835 2121 tert.
861 2092 898 2121 et
924 2094 1038 2131 quart.
1060 2094 1097 2121 et
1117 2089 1199 2120 Vet.
1228 2088 1346 2120 Ceteri
1374 2088 1459 2119 Mss.
1481 2087 1682 2119 Torreniani
1709 2091 1746 2120 et

269 2129 399 2160 Braud.
424 2129 597 2172 interdum,
623 2131 746 2163 omisso
761 2132 918 2173 proprius.
957 2131 1092 2172 Lipsius
1109 2131 1207 2163 malit
1223 2131 1442 2171 intemeratus,
1457 2130 1644 2162 Torrenius
1660 2139 1744 2162 vero

269 2172 413 2213 conjicit
427 2172 579 2205 intactus.
625 2174 711 2206 Mihi
727 2174 866 2207 videtur
886 2175 1032 2217 proprius
1060 2184 1141 2207 vera
1165 2174 1270 2206 lectio
1296 2183 1385 2215 esse,
1403 2183 1506 2215 quam
1529 2173 1746 2214 explicarunt

267 2214 456 2256 intentatus,
472 2216 562 2248 unde
577 2221 691 2248 ortum
705 2218 879 2255 interdum,
901 2223 939 2250 et
954 2218 1095 2250 tandem
1113 2218 1273 2250 interdum
1284 2215 1455 2259 proprius!
1482 2216 1664 2257 Kapp.-s
1689 2216 1747 2248 Ita

270 2266 291 2290 e
307 2263 379 2290 vet.
396 2258 474 2292 cod.
488 2258 647 2301 Pighius,
660 2269 726 2292 nec
740 2261 842 2293 aliter
855 2261 985 2293 Brand.
1003 2264 1035 2293 1.
1052 2264 1084 2293 2.
1101 2265 1138 2293 et
1166 2271 1283 2293 omnes
1309 2261 1451 2292 Torren.
1481 2269 1558 2291 cum
1584 2259 1682 2300 Mog.
1710 2263 1748 2291 et

268 2301 414 2333 Mediol-
432 2303 463 2334 3.
482 2305 612 2343 penates
625 2304 742 2335 omneis
763 2314 867 2337 secum
887 2304 996 2336 trahat
1017 2304 1121 2336 Aldd.
1146 2304 1258 2336 Colin.
1275 2302 1410 2344 Gryph.
1427 2307 1463 2334 et
1477 2302 1663 2343 steph—4
1685 2302 1744 2335 Sic

270 2343 412 2384 Pighius
428 2354 471 2376 ex
486 2345 616 2379 Cauch.
631 2351 667 2378 et
681 2346 757 2378 aliis
775 2347 876 2379 codd.
891 2357 928 2379 ea
940 2347 1106 2379 omittunt
1119 2348 1198 2379 Vet.
1215 2347 1311 2387 Mog.
1327 2347 1469 2378 Venett.
1483 2344 1628 2377 Mediol.
1641 2344 1747 2377 Aldd.

273 2386 388 2420 Colin.
410 2387 547 2430 Gryph.
571 2389 693 2430 Steph.
719 2391 784 2422 acc.
807 2393 843 2422 ut
858 2391 920 2422 alio
933 2391 1044 2423 salutis
1059 2390 1219 2422 undecim
1236 2389 1340 2422 codd.
1356 2389 1499 2420 Torren.
1515 2397 1594 2419 cum
1610 2387 1689 2419 Vct.
1710 2392 1748 2420 et

270 2429 434 2472 Mog.-—5
459 2431 662 2464 Perizonius
678 2433 778 2465 malit
796 2433 980 2475 Tarquinio.
1012 2434 1096 2465 Mox
1113 2433 1213 2465 multi
1229 2432 1329 2465 codd.
1340 2432 1375 2463 in
1389 2432 1488 2463 aciem
1499 2431 1547 2463 ita
1562 2430 1720 2463 conc-nra
1731 2441 1746 2469 ,-

272 2472 490 2506 desideratur
504 2484 580 2516 equo
595 2477 700 2507 etiam
716 2476 750 2507 in
764 2481 855 2518 optt.
869 2476 971 2508 codd.
987 2478 1131 2508 Torren.
1148 2480 1185 2508 et
1200 2476 1282 2508 Vet.
1297 2475 1394 2516 Mog.
1411 2479 1450 2506 et
1459 2473 1602 2506 Mediol.
1616 2476 1649 2506 3.
1665 2472 1744 2506 ideo

270 2516 369 2548 uncis
386 2516 524 2549 inclusit
537 2518 774 2560 Kappius>.—-6
799 2519 943 2560 Pighius
960 2529 979 2551 e
995 2525 1143 2561 quatuor
1165 2519 1270 2551 codd.
1296 2517 1462 2560 mortifico,
1489 2517 1579 2559 quod
1603 2525 1743 2558 recepe-

273 2564 354 2591 runt
371 2560 485 2593 Coler.
498 2561 600 2604 Thys.
615 2566 652 2594 et
675 2562 800 2604 Delph.
827 2563 920 2595 idem
947 2563 1078 2595 habeut
1105 2571 1191 2595 unus
1218 2561 1377 2594 Perizon.
1390 2559 1498 2593 Barb.
1512 2563 1547 2593 2.
1567 2559 1699 2593 Medic.
1712 2563 1743 2593 1.

934 2648 1079 2681 NOTAE

315 2721 333 2739 ⁸
356 2719 495 2763 Uterque
522 2722 686 2763 mortifero
714 2724 854 2767 vulnere]
883 2726 1036 2759 Mortem
1051 2726 1153 2761 Bruti
1169 2723 1414 2769 descripsimus
1438 2723 1498 2757 lib.
1522 2733 1549 2758 1.
1567 2734 1597 2758 c.
1611 2727 1642 2757 4.
1658 2732 1692 2756 n.
1709 2727 1741 2757 6.
