1878 3132
268 211 375 243 CAP.
398 209 473 241 IX.
508 207 572 239 DE
608 205 796 238 MU'rA'r.
832 202 1015 234 MORUM
1050 202 1152 234 AU'l'
1187 201 1454 234 FORTUNAE.
1519 190 1608 234 651

133 308 409 352 infelicitatis
429 320 476 349 se
501 303 852 362 praedamnare:³
884 308 1117 356 spemque,
1140 313 1243 354 quae
1273 300 1410 342 etiam
1440 295 1611 343 incerta

133 382 285 422 recte4
314 377 505 428 fovetur,
527 372 747 417 interdum
777 375 943 415 certam
974 370 1020 412 in
1049 369 1407 424 desperationem
1428 382 1612 412 conver-

135 452 240 490 tere.

193 517 236 558 1.
268 515 469 558 Manlius
498 512 765 567 Torquatus
796 509 908 552 adeo
939 508 1115 551 hebetis
1144 512 1282 562 atque
1303 507 1485 550 obtusi⁵
1517 520 1613 549 cor-

137 585 206 627 dis
226 585 342 627 inter
362 583 491 625 initia
503 582 703 638 ⁸juventae
725 579 1014 622 existimatus
1035 582 1121 628 est,
1140 582 1190 620 ut
1205 591 1238 640 ‘a
1257 581 1387 633 patre
1407 576 1460 620 L.
1484 576 1614 618 Man-

135 655 200 697 lio
219 651 502 708 amplissimo
522 651 634 701 viro,
657 650 766 705 quia
786 653 834 691 et
865 647 1129 691 domesticis
1159 652 1206 689 et
1229 646 1491 701 reipublicae
1522 645 1616 687 usi-

136 723 224 765 bus
243 720 416 764 inutilis
433 719 680 770 videbatur,
700 731 776 761 rus
801 718 1022 772 relegatus
1056 717 1219 771 agresti
1250 728 1386 771 opere
1406 714 1617 768 fatigare-

138 796 227 843 tur,
248 788 533 846 postmodum
554 791 726 843 patrem
746 791 902 828 reuma
924 785 1135 842 judiciali
1156 784 1357 840 periculo
1384 783 1615 826 liberavit:

138 859 280 902 filium
297 857 535 907 victorem,
555 855 679 911 quod
712 854 928 898 adversus
958 853 1192 909 imperium
1214 866 1347 895 suum
1368 865 1469 894 cum
1489 852 1618 895 hoste

138 940 318 971 manum
338 929 638 976 conseruerat,
659 924 808 967 securi
840 924 1066 979 percussit
1079 917 1112 966 ε’
1142 924 1342 979 patriam
1363 922 1526 965 Latino
1549 926 1619 964 tu-

139 995 280 1039 multu
314 994 498 1046 fessam,
540 993 882 1049 speciosissimo
921 992 1144 1047 triumpho
1177 991 1411 1042 recreavit,
1440 991 1484 1033 in
1517 990 1619 1042 hoc,

141 1064 291 1116 credo,
324 1063 512 1106 fortunae
548 1061 738 1105 nubilo⁶
781 1061 1101 1104 adolescentiae
1131 1065 1360 1104 contemtu
1393 1059 1620 1116 perfusus,

142 1147 232 1191 quo
252 1133 500 1177 senectutis
522 1131 620 1187 ejus
640 1131 779 1174 decus
797 1130 990 1174 lucidius
1012 1131 1310 1173 enitesceret.⁶

198 1204 241 1247 2.
273 1202 433 1259 Scipio
456 1206 606 1245 autem
625 1199 865 1244 Africanus
896 1200 1116 1255 superior,
1137 1212 1271 1255 quem
1295 1198 1375 1242 Dii
1394 1199 1622 1244 immorta-

184 1367 200 1383 ⁶
218 1362 320 1395 Credo
334 1362 423 1395 illum
437 1365 526 1405 quasi
550 1362 692 1403 maligna
715 1363 853 1394 adoersoe
873 1361 1017 1402 fortunoe
1041 1361 1177 1402 caligine
1203 1360 1339 1403 offusum
1362 1360 1397 1392 in
1413 1357 1623 1392 adolescentia

141 1406 448 1449 contemtumfuissq
459 1408 543 1439 utin
556 1409 712 1440 senectute
726 1405 814 1439 illius
827 1405 963 1438 virtutes
975 1405 1088 1446 majori
1097 1406 1263 1448 splendore
1285 1405 1450 1438 elucerent.

749 1515 951 1528 ‘MOM‘
956 1516 995 1528 Ν

146 1598 280 1636 obierit,-
304 1599 364 1632 sed
388 1598 528 1642 plurimi
553 1599 654 1633 codd.
679 1610 757 1633 cum
779 1601 858 1634 edd.
882 1603 970 1633 vett.
994 1599 1100 1632 aberit
1115 1601 1330 1631 servant.-—3
1355 1597 1415 1630 Ita
1437 1597 1581 1639 Pighius
1606 1607 1625 1630 e

146 1642 262 1675 Pulm.
278 1642 398 1675 Colon.
415 1648 453 1675 et
466 1643 544 1676 Sus.
557 1644 677 1686 itaque
694 1651 764 1677 tres
779 1643 980 1677 Torreniani
994 1654 1004 1683 ;
1030 1648 1100 1675 tres
1126 1643 1185 1675 alii
1212 1642 1384 1684 Pighiani,
1401 1641 1531 1674 Brand.
1547 1643 1578 1674 1.
1592 1643 1626 1674 2.

148 1691 185 1718 et
199 1686 299 1719 multi
314 1686 464 1719 Torren-
476 1697 510 1719 se
522 1689 672 1720 damnare
682 1699 695 1726 ,-
719 1688 847 1731 Ultraj.
870 1691 900 1720 1.
925 1691 962 1720 et
983 1687 1061 1720 Vet.
1074 1696 1108 1718 se
1127 1695 1211 1728 soepe
1226 1688 1454 1719 damnare—4
1478 1684 1537 1717 Ita
1553 1694 1627 1716 rur-

145 1739 203 1761 sus
222 1729 262 1762 Pi
288 1730 364 1762 hius
380 1740 400 1763 e
416 1730 520 1763 codd.
538 1731 622 1764 Mss.
646 1731 691 1764 Et
703 1731 807 1764 habet
820 1740 957 1775 quoque
973 1731 1024 1763 ita
1038 1734 1188 1773 uterque
1204 1730 1282 1762 cod.
1298 1728 1430 1762 Brand.
1449 1729 1510 1761 sed
1527 1728 1628 1761 Chal-

148 1782 256 1806 cocon
283 1774 357 1815 yles
372 1778 410 1807 et
426 1773 536 1806 Aldus
557 1784 621 1816 pro
636 1779 720 1808 recle
734 1775 866 1808 habent
878 1775 1003 1807 ratione
1013 1784 1025 1812 ,·
1048 1778 1086 1806 et
1099 1773 1148 1806 sic
1171 1774 1276 1806 etiam
1293 1773 1392 1806 Leid.
1412 1777 1446 1804 5.
1462 1776 1499 1805 et
1515 1772 1629 1805 Bitur.

149 1819 182 1848 1.
197 1817 306 1849 ceteri
322 1817 425 1850 codd.
440 1827 520 1850 cum
535 1818 607 1851 sola
624 1819 722 1859 Mog.
736 1823 896 1853 recta—5
922 1818 1069 1851 Colerus
1085 1827 1129 1850 ex
1152 1817 1246 1850 Dan.
1262 1817 1374 1849 edidit
1389 1815 1528 1856 obtunsi,
1544 1825 1626 1848 con-

148 1865 204 1892 tra
219 1870 339 1892 omnes
354 1861 438 1894 alios
452 1861 555 1894 codd.
571 1866 608 1894 et
620 1862 702 1896 edd.
719 1868 806 1896 vett.
835 1863 921 1895 Mox
935 1865 984 1894 est
1001 1865 1080 1904 post
1101 1861 1303 1893 existimatus
1318 1859 1453 1892 addidit
1468 1859 1630 1901 Pighius,

148 1904 240 1946 quod
254 1903 386 1937 habent
401 1905 506 1937 etiam
521 1905 682 1939 undecim
697 1906 799 1939 codd.
822 1906 968 1939 Torren.
995 1904 1132 1938 addidit
1147 1914 1285 1948 quoque
1300 1913 1499 1946 praenomen
1515 1903 1555 1935 L.
1572 1902 1631 1935 fir-

149 1947 324 1980 mantibus
350 1948 525 1991 plerisque
550 1949 653 1982 codd.
674 1950 819 1982 Torreu.
837 1955 874 1983 et
899 1951 994 1991 Mog.
1021 1949 1119 1982 dedit
1133 1949 1237 1981 etiam
1260 1948 1289 1980 is
1313 1951 1491 1990 postquam,
1507 1951 1632 1980 contra

150 2000 267 2023 omues
285 1990 388 2024 codd.
412 1997 449 2024 et
476 1992 556 2025 edd.
575 1997 663 2026 vett.
680 1993 928 2035 defatigaretur,
953 1996 1130 2034 postquam,
1153 1994 1208 2034 ⁸5⁸·
1233 1992 1366 2024 Medic.
1388 1994 1490 2024 2.—o
1514 1991 1571 2023 Ita
1586 1999 1631 2022 ex

151 2034 254 2067 codd.
278 2035 349 2067 suis
372 2036 578 2069 Torrenius:
605 2036 750 2078 Pighius
780 2038 906 2080 aliique
936 2036 1128 2068 dederunt:
1154 2037 1189 2068 in
1204 2036 1236 2069 h.
1259 2035 1332 2075 ⁰·s·
1349 2035 1500 2076 mangnae
1514 2034 1632 2067 nubilo.

152 2077 237 2110 Mox
254 2077 379 2110 ‘iidem
391 2078 564 2120 perfusum.
606 2081 792 2113 Torrenius
808 2085 920 2122 putat,
935 2080 1113 2112 Valerium
1126 2079 1308 2121 scripsisse
1322 2090 1330 2111 :
1359 2089 1378 2111 a
1392 2079 1577 2120 fortuna...,
1592 2082 1633 2110 ut

153 2130 272 2154 sensus
300 2122 366 2154 sit:
391 2123 506 2155 Credo
532 2122 706 2156 fortunam
721 2124 829 2166 ipsius
846 2123 1115 2156 adolescentiam
1131 2122 1211 2155 ideo
1227 2123 1409 2155 obscuram
1427 2127 1464 2155 et
1479 2127 1635 2155 contem-

155 2167 226 2196 tam
244 2164 452 2206 reddidisse,
475 2171 515 2199 ut
531 2173 693 2200 senectus
709 2168 786 2210 ejus
801 2172 900 2200 tanto
915 2167 1042 2199 clarior
1064 2170 1102 2199 et
1125 2166 1245 2209 gloriae
1262 2164 1400 2208 fulgore
1418 2165 1632 2207 splendidior

153 2212 256 2240 esset.
300 2207 367 2240 Ast
379 2208 485 2241 nubilo
500 2210 581 2242 mihi
595 2210 734 2243 videtur
748 2221 818 2244 non
834 2211 1044 2252 adjectivum
1061 2219 1150 2249 esse,
1165 2209 1257 2253 quod
1272 2210 1316 2242 ad
1331 2213 1490 2243 contemtu
1506 2209 1633 2242 refera-

153 2256 221 2288 tur,
233 2255 272 2284 ut
286 2252 470 2285 Torrenius
487 2254 572 2295 vult,
592 2254 653 2286 sed
669 2254 937 2295 substantivum,
953 2258 993 2286 ut
1002 2255 1143 2294 sorlunae
1157 2253 1264 2286 nubilo
1279 2253 1326 2286 sit
1341 2253 1482 2286 fortuna
1499 2253 1631 2294 nubila,

152 2294 313 2345 adyema,
329 2296 434 2328 tristi.
482 2297 583 2329 Mens
598 2298 728 2330 Valerii
742 2299 850 2340 clara,
863 2303 902 2331 at
917 2298 1007 2330 ratio
1023 2297 1290 2330 constructionis
1306 2297 1476 2340 implicita
1492 2301 1528 2329 et
1544 2295 1633 2329 diffi-

154 2338 239 2371 cilis.
284 2339 360 2380 Ego
377 2339 427 2372 sic
452 2340 613 2382 explico:
644 2341 680 2374 in
703 2341 775 2383 hoc,
790 2342 813 2376 i.
829 2351 862 2375 e.
878 2346 1082 2384 propterea,
1097 2340 1202 2384 (cave
1215 2341 1309 2374 enim
1323 2351 1400 2374 cum
1415 2340 1585 2373 Ascensio
1599 2340 1634 2372 iu

153 2381 210 2413 hoe
224 2391 302 2432 cum
317 2382 422 2414 nubilo
437 2383 645 2427 construas,)
660 2385 914 2426 credo,fortunoe
929 2386 1048 2426 nubilo,
1060 2385 1082 2418 i.
1096 2395 1130 2417 e.
1146 2385 1237 2418 tristi
1253 2383 1328 2418 fato
1339 2384 1500 2427 quodam,
1513 2384 1633 2416 adoles-

154 2429 268 2475 centie
282 2429 439 2458 contemtu
451 2426 608 2469 perfusus,
634 2428 656 2460 i.
671 2439 702 2461 e.
720 2438 798 2461 cum
824 2429 935 2462 adhuc
958 2428 1162 2462 adolescens
1179 2433 1286 2471 esset,
1301 2432 1498 2461 contemtus
1515 2432 1550 2459 et
1567 2436 1631 2469 pro

156 2468 261 2501 nihilo
291 2473 444 2512 putatus,
469 2475 522 2511 ut,
547 2474 614 2503 &c.
653 2472 890 2515 Opponuntur
911 2473 1018 2505 nubilo
1038 2477 1076 2506 et
1098 2473 1257 2511 lucianae,-
1279 2475 1436 2504 contemtu
1461 2476 1498 2503 et
1520 2471 1634 2509 decus,-

153 2512 298 2554 μαίων
315 2516 352 2546 et
365 2513 561 2548 eniteretur)
586 2515 702 2558 Καρὶ).
717 2516 866 2558 maligna
880 2516 1002 2549 delent
1016 2516 1142 2559 scripti
1157 2525 1298 2556 omnes;
1321 2514 1467 2558 perfusus
1483 2518 1583 2546 extat
1599 2514 1634 2546 in

824 2625 971 2660 NOTAE

205 2707 221 2724 ⁸
235 2703 367 2738 Patrem
381 2705 484 2749 reum]
498 2706 585 2740 Haec
598 2707 713 2741 omnia
727 2718 806 2752 quae
823 2708 867 2741 ad
966 2708 987 2728 *
1008 2707 1078 2741 An.
1093 2707 1146 2740 Μ.
1163 2709 1262 2740 3717.
1284 2706 1344 2739 01.
1357 2708 1430 2739 110.
1446 2708 1479 2739 4.
1494 2703 1582 2740 Urb.
1594 2705 1636 2745 C,

160 2746 211 2787 M.
233 2755 403 2789 Manlium
428 2758 605 2800 pertinent
629 2768 735 2802 supra
750 2759 868 2792 multis
924 2762 1001 2793 416.
1018 2758 1102 2793 Ant.
1117 2758 1180 2791 Ch.
1196 2760 1271 2790 336.

160 2806 396 2849 explicuimus.
