1878 3132
464 198 572 232 cAP.
595 195 647 230 x.
681 196 744 228 nn
779 192 1025 227 sommus
1059 192 1326 228 emamus.
1532 183 1620 227 585

146 301 284 345 heret.
357 299 465 343 Non
501 298 595 341 sine
626 308 767 340 causa
811 294 943 349 igitur
978 294 1094 336 tanti
1132 295 1310 336 roboris
1347 293 1522 336 animus
1562 292 1621 336 ad

149 370 349 427 Olympii
366 368 397 411 J
400 367 499 411 ovis
514 367 549 393 ¹⁶
579 377 823 421 cognomen
843 362 1082 406 ascendit*

206 438 251 481 2.
282 433 570 492 Xenophonh
604 439 772 486 autem,
810 432 931 488 quod
952 431 1011 474 ad
1033 431 1313 474 Socraticam
1334 431 1621 487 disciplinam

149 507 322 558 attinet,
359 505 595 562 proximus
630 517 658 547 a
700 503 890 546 Platone
927 501 1076 544 felicis
1116 515 1170 544 ac
1209 502 1358 544 beatae
1398 501 1622 544 facundiae

149 575 351 631 gradus?
377 587 478 618 cum
499 574 679 616 solenne
700 570 974 614 sacrificium
1006 574 1253 626 perageret,
1274 583 1298 611 e
1319 569 1499 612 duobus
1520 569 1624 612 filiis

148 644 360 700 majorem
378 641 510 686 natu*
536 642 715 685 nomine
737 640 959 696 Gryllum,
976 639 1096 695 apud
1110 636 1412 681 Mantineamj
1442 639 1487 680 in
1510 651 1624 693 prae-

148 713 213 756 lio
233 711 454 756 cecidisse
473 711 712 766 cognovit:
743 723 825 752 nec
843 709 947 752 ideo
967 708 1222 751 institutum
1250 708 1443 751 Deorum
1456 709 1626 751 cultum

150 781 445 825 omittendum
477 781 669 837 putavit,
708 780 786 823 sed
824 778 1128 823 tantummodo
1162 791 1374 821 coronam
1406 778 1628 834 deponere

150 854 383 894 contentus
402 850 496 893 fuit.
557 849 709 902 Quam
729 850 893 905 ipsam,
917 852 1230 905 percunctatus
1251 851 1265 871 ‘
1279 860 1474 903 quonam
1494 847 1627 889 modo

151 918 420 971 occidisset,’
458 922 508 961 ut
546 918 723 961 audivit
761 921 775 940 ‘
792 918 1033 960 fortissime
1073 922 1344 973 pugnantem
1376 914 1628 967 interiisse,'

149 987 293 1044 capiti
313 987 513 1043 reposuit
528 1001 541 1041 ;
571 986 767 1038 numina,
782 986 945 1042 quibus
960 986 1259 1037 sacrificabat,
1276 989 1484 1036 testatus,
1506 988 1520 1007 ‘
1535 998 1629 1027 ma-

143 1055 291 1112 jorem
322 1069 373 1098 se
403 1068 463 1098 ex
482 1054 647 1098 virtute
677 1043 763 1097 lilii
788 1053 1082 1109 voluptatem,
1113 1067 1250 1110 quam
1270 1067 1329 1095 ex
1349 1057 1487 1096 morte
1508 1066 1630 1096 ama-

150 1123 390 1168 ritudinem
411 1122 619 1167 sentire.'†
679 1122 811 1165 Alius
834 1122 1106 1166 removisset
1139 1124 1347 1173 hostiam,
1385 1123 1631 1179 abjecisset

153 1192 329 1245 altaria,
349 1193 559 1249 lacrymis
585 1205 792 1247 respersa
827 1191 956 1234 thura
987 1191 1263 1248 disjecisset:
1311 1191 1630 1247 Xenophontis

153 1274 316 1318 corpus
330 1261 537 1317 religione
553 1266 586 1293 ¹⁷
607 1261 837 1303 immobile
858 1262 999 1313 stetit,
1011 1266 1056 1303 et
1077 1262 1251 1304 animus
1267 1262 1310 1304 in
1324 1262 1514 1303 consilio
1528 1274 1632 1316 pru-

153 1331 316 1375 dentiae
335 1331 510 1374 stabilis
529 1332 714 1383 mansit,
735 1344 790 1374 ac
812 1330 954 1374 dolori
968 1330 1001 1357 ¹⁸
1035 1333 1338 1383 succumbere,
1355 1332 1462 1387 ipsa
1482 1331 1630 1385 clade,

153 1413 257 1456 quoe
276 1400 486 1443 nuntiata
507 1405 619 1453 erat,
639 1400 816 1443 tristius
831 1399 978 1444 duxit.

210 1469 254 1512 3.
286 1468 387 1512 Nec
406 1466 734 1525 Anaxagorask
764 1468 947 1525 quidem
966 1469 1311 1525 supprimendus
1333 1473 1414 1513 est.
1463 1468 1635 1513 Audita

197 1602 212 1624 ⁶
235 1603 411 1646 Xenophon
424 1613 510 1646 vero,
525 1605 606 1647 quod
619 1605 662 1637 ad
675 1604 852 1637 doctrinam
866 1604 1011 1638 Socratis
1019 1604 1169 1647 pertinet,
1179 1604 1306 1638 dicendi
1326 1606 1417 1638 laude
1437 1604 1602 1649 proximus
1616 1615 1637 1636 α

155 1647 292 1680 Platone
305 1647 468 1682 excelluit.

779 1711 1019 1725 OOOOOOOaeO-eaeo

156 1776 410 1820 reposuit—16
432 1776 612 1819 Aristoph.
630 1778 759 1812 Acarn.
782 1778 950 1820 Περικλέης
974 1780 992 1810 ὃ
1015 1778 1195 1819 Ὀλύμπιος·
1223 1778 1314 1812 unde
1341 1776 1486 1812 Colerus
1516 1789 1637 1813 vocem

155 1822 248 1854 Jovis
270 1821 442 1862 expunxit
457 1826 579 1854 contra
594 1831 730 1854 omnem
754 1821 858 1854 fidem
883 1822 986 1855 codd.
1002 1828 1038 1856 et
1054 1823 1132 1856 edd.
1150 1827 1237 1855 vett.
1283 1824 1382 1855 Bene
1413 1829 1536 1856 contra
1557 1834 1637 1857 eum

157 1864 351 1907 disputavit
365 1864 523 1898 Perizon.
568 1865 638 1897 Pro
652 1867 792 1898 ascendit
808 1866 890 1899 Vet.
912 1867 1190 1899 conscendit.—17
1214 1867 1224 1884 ‘
1239 1865 1350 1899 Aldus
1377 1867 1556 1899 ediderat:
1582 1877 1637 1899 σοι·

154 1908 212 1950 pia
231 1908 396 1949 religione,
411 1912 448 1941 et
462 1908 515 1941 sie
528 1912 583 1941 est
598 1908 632 1940 in
648 1913 729 1942 octo
746 1909 831 1942 Mss.
847 1910 1022 1942 Torrenii.
1067 1910 1212 1951 Pighius
1228 1920 1272 1942 ex
1290 1911 1375 1943 Mss.
1391 1910 1502 1943 edidit
1528 1920 1640 1952 corpus

155 1952 317 1993 religioni,
338 1961 417 1983 cum
433 1952 595 1984 Valerius
611 1952 654 1984 de
669 1954 827 1994 corporis
842 1959 880 1986 et
893 1954 999 1986 animi
1015 1953 1212 1986 constantia
1228 1954 1404 1995 loquatur.
1449 1955 1638 1987 Torrenius

158 1995 364 2036 Pighianum
378 1994 526 2036 religioni
541 1995 690 2028 mutavit
705 1997 740 2028 in
755 1996 923 2038 religione,
946 1997 1040 2040 quod
1071 2007 1189 2029 omnes
1220 2002 1369 2030 vetustae
1394 1996 1568 2030 editiones
1599 2002 1639 2030 et

159 2038 319 2081 plerique
330 2038 418 2070 Mss.
434 2038 576 2071 habent.
599 2048 709 2080 corpus
721 2039 778 2081 pia
788 2040 943 2081 religione
958 2044 1013 2072 est
1034 2040 1069 2072 in
1085 2041 1180 2082 Mog.
1198 2041 1266 2073 Ms.
1282 2041 1396 2074 Periz.
1410 2046 1446 2074 et
1459 2041 1552 2073 Ultr.
1565 2050 1638 2074 sec.

161 2081 254 2124 quod
271 2091 336 2123 ego
352 2081 579 2123 praetulerim.
603 2082 720 2115 Ceteri
740 2083 827 2116 Mss.
851 2084 1012 2116 Torrenii
1039 2093 1117 2116 cum
1144 2084 1201 2116 ed.
1219 2085 1299 2117 Vet.
1323 2094 1434 2126 corpus
1458 2083 1640 2125 religione.’

161 2125 368 2166 Kapp.—18
390 2125 400 2142 ‘
412 2124 470 2157 Sic
486 2135 606 2157 omnes
622 2125 746 2168 scripti
763 2131 800 2159 et
814 2126 911 2160 editi.
944 2127 1041 2160 Beue
1057 2136 1141 2169 ergo
1153 2128 1338 2160 Torrenius
1354 2129 1545 2169 revocavit,
1560 2138 1640 2170 pro-

160 2167 269 2201 bante
283 2168 480 2210 Perizonio,
495 2179 573 2202 cum
585 2169 728 2212 Pighius
741 2170 868 2213 aliique
882 2170 1096 2204 edidissent:
1119 2181 1193 2203 nam
1203 2171 1302 2204 dolori
1309 2182 1322 2210 ,·
1345 2181 1444 2215 aeque
1455 2176 1565 2214 recte,
1579 2172 1641 2205 sed

832 2257 976 2291 NOTAE

206 2329 227 2349 ³*
242 2328 310 2364 An.
326 2329 379 2363 M.
396 2333 494 2364 3624.
517 2330 576 2364 01.
592 2334 648 2365 87.
668 2334 702 2366 8.
728 2331 816 2366 Urb.
829 2332 873 2367 C.
926 2343 1001 2366 rum
1018 2344 1029 2375 ς
1065 2333 1166 2366 ambo
1192 2342 1234 2365 ea
1260 2332 1417 2375 corporis
1447 2332 1639 2374 pulchritu-

164 2384 241 2415 ³23.
263 2381 347 2415 Ant.
363 2382 427 2415 Ch.
443 2385 521 2416 429.
932 2385 1026 2427 dine,
1041 2390 1081 2418 ut
1093 2384 1254 2418 Dioscuri
1266 2384 1480 2417 dicerentur.

206 2431 224 2454 ¹²
259 2433 454 2475 Xenophon]
486 2433 641 2467 Socratis
672 2434 881 2478 discipulus,

167 2484 378 2527 aemulusque
415 2485 586 2527 Platonis,
624 2486 675 2519 vir
705 2487 879 2529 omnibus,

165 2540 240 2568 tum
266 2536 396 2578 ingenii
411 2542 485 2570 tum
502 2537 607 2571 animi
631 2538 793 2571 laudibus
825 2549 878 2572 or-

166 2587 386 2620 natissimus:
419 2588 542 2620 mirum
570 2598 670 2629 sane,
697 2590 790 2631 qnod
814 2600 879 2623 nec

167 2637 243 2679 ipse
259 2638 428 2680 Platonis,
441 2648 505 2672 nee
519 2639 627 2682 ipsius
644 2640 748 2673 Plato
761 2640 829 2674 suis
844 2641 880 2673 in

169 2688 309 2731 seriptis
322 2690 531 2724 meminerit.

211 2737 222 2760 ¹
242 2739 402 2781 Majorem
414 2741 510 2783 natu]
535 2742 635 2775 Duos
651 2752 696 2776 ex
723 2743 882 2776 Philesia

168 2787 258 2823 filios
270 2796 489 2836 susceperat,
511 2793 673 2837 Gryllum
690 2799 726 2828 et
743 2794 878 2829 Diodo-

995 2435 1008 2464 -l
1030 2436 1123 2478 Apud
1160 2434 1376 2476 Mantineam]
1401 2435 1472 2467 Ubi
1506 2435 1648 2477 Epami-

934 2487 1066 2520 nondas
1096 2491 1221 2520 contra
1259 2486 1459 2528 Agesilaum
1491 2496 1650 2528 pugnans

933 2538 1076 2572 cecidit.
1122 2539 1179 2571 De
1206 2537 1265 2570 illa
1289 2546 1406 2579 pugna
1429 2537 1572 2570 consule
1588 2538 1650 2571 lib.

937 2600 964 2625 1.
979 2601 1012 2624 c.
1026 2594 1061 2623 2.
1079 2600 1115 2623 n.
1129 2594 1162 2623 5.

979 2648 994 2678 †
1017 2641 1086 2674 An.
1102 2641 1151 2673 M.
1166 2642 1264 2672 3690.
1290 2638 1349 2671 Ol.
1365 2640 1480 2672 104³.
1506 2638 1593 2673 Urb.
1606 2641 1650 2674 C.

935 2696 1013 2726 389.
1052 2691 1133 2725 Ant.
1151 2690 1213 2723 ch.
1228 2691 1305 2721 363.

978 2742 994 2765 Κ
1015 2740 1247 2782 Anaxagoras]
1265 2739 1504 2772 Clazomenius
1519 2740 1650 2774 Anaxi-

935 2794 1045 2827 menis
1061 2791 1267 2834 discipulus,
1284 2791 1492 2834 praecelleus
1507 2791 1542 2825 in
1558 2792 1652 2835 Phy-
