1878 3132
217 181 304 223 484
617 188 828 222 munau
863 164 1058 222 ΜΑΧιΜι
1095 191 1189 222 mn.
1213 190 1278 221 iv.

220 289 277 331 ab
317 287 508 330 Octavio
525 293 558 321 ³⁹
603 288 815 331 consule¹¹
865 289 1143 332 Placentiae0
1191 287 1459 364 praepositus
1500 285 1684 331 Caelius.

217 356 323 407 Qua
345 370 372 398 a
394 358 648 400 (311111111104ο
675 358 879 400 exercitu
903 363 1054 414 capta,
1088 362 1135 399 et
1165 357 1312 398 senior
1330 355 1442 410 jam,
1476 361 1521 398 et
1558 356 1683 410 gravi

214 424 473 467 valetudine
495 403 700 475 affectus,
727 439 781 466 ne
802 426 848 466 in
870 429 1143 480 potestatem
1174 424 1373 466 hostium
1407 416 1589 474 venire't,
1624 424 1684 466 ad

214 493 432 534 auxilium
454 493 625 535 dextrae
653 492 852 535 Petronii
883 493 1097 546 confugit.
1157 492 1304 544 Quem
1335 493 1376 534 is
1412 493 1468 534 ab
1499 494 1682 547 incepto

214 561 406 603 consilio
428 560 595 602 frustra
613 567 799 602 conatus
819 560 1089 611 abstrahere,
1126 561 1171 601 in
1205 561 1364 603 iisdem
1398 561 1684 616 perseveran-

212 634 303 671 tem
323 630 533 685 precibus
564 630 800 680 interemit,
831 629 1032 683 caedique
1065 629 1162 684 ejus
1193 642 1319 671 suam
1349 629 1522 683 junxit:
1554 642 1606 670 ne
1625 642 1682 671 eo

206 697 403 752 Jacente,
424 711 502 752 per
520 711 650 752 quem
667 697 816 739 omnia
838 696 1066 750 dignitatis
1080 701 1115 727 4¹
1147 697 1420 739 incrementa
1451 701 1683 740 assecutus

212 765 368 816 fuerat,
389 770 659 820 superesset.
719 764 793 806 Ita
814 764 997 806 alterius
1017 764 1116 807 fato
1143 765 1428 817 verecundia,
1429 771 1467 796 4²
1500 766 1683 808 alterius

212 834 359 888 pietas
376 846 554 875 causam
574 833 779 887 praebuit.
771 852 799 886 ,χ

270 902 311 943 6.
342 886 610 957 ,Iungendus
621 906 691 943 est
727 901 937 943 Petronio
960 902 1055 945 Ser.
1076 901 1332 955 Terentius3
1321 908 1382 934 ·4³
1414 916 1683 959 quamquam

212 970 268 1020 ei,
290 969 409 1012 sicut
428 970 644 1023 cupierat,
665 982 746 1023 pro
766 970 914 1011 amico
936 983 1020 1011 suo
1051 971 1194 1025 perire
1222 984 1310 1013 non
1341 972 1567 1025 contigits
1607 971 1684 1014 In-

214 1041 346 1092 cepto
366 1051 558 1094 namque
592 1038 783 1092 egregio,
814 1051 901 1080 non
933 1039 1056 1081 irrito
1089 1043 1250 1082 eventu
1283 1040 1498 1082 aestimari
1526 1041 1682 1084 debet·
1667 1068 1695 1099 ὦ.

212 1107 318 1160 quia
338 1109 553 1160 quantum
574 1106 620 1147 in
642 1106 722 1148 illo
742 1106 844 1158 suit,
865 1111 910 1149 et
928 1108 1028 1162 ipse
1049 1108 1272 1150 extinctus
1291 1113 1374 1160 est,
1410 1113 1455 1151 et
1492 1109 1548 1151 D.
1576 1108 1682 1151 Bru-

211 1179 285 1216 tus
307 1175 548 1228 periculum
569 1175 722 1216 mortis
745 1177 902 1218 evasit.
963 1176 1056 1228 Qui
1075 1176 1253 1230 fugiens
1275 1190 1303 1218 a
1326 1176 1538 1227 Mutina,p
1557 1182 1608 1219 ut
1626 1177 1684 1220 ad

215 1247 316 1285 se⁴4
345 1243 723 1285 interficiendumq
754 1245 811 1286 ab
831 1242 1028 1288 Antonio
1049 1245 1214 1288 missos
1235 1245 1406 1299 equites
1443 1245 1683 1299 advenisse

214 1426 314 1459 Leid.
332 1430 364 1459 2.
379 1428 472 1459 unica
487 1427 632 1466 fortuna.
635 1431 722 1460 ——39
746 1395 843 1461 Leid.
872 1432 902 1461 1.
926 1429 964 1462 L.
992 1429 1137 1461 Octavio.
1183 1429 1268 1461 Mox
1284 1439 1348 1471 pro
1369 1430 1569 1471 proepositm,
1590 1426 1684 1471 quod

213 1470 344 1502 habent
359 1470 458 1502 codd.
474 1476 509 1502 et
527 1471 606 1502 edd.
625 1467 710 1503 vett.
738 1477 774 1503 et
801 1473 956 1504 restituit
979 1473 1176 1511 'Iol-reninis,
1205 1473 1363 1512 Colerus,
1386 1474 1490 1514 Thys.
1516 1478 1553 1505 et
1570 1472 1685 1506 Vorst.

213 1513 388 1546 dederunt
401 1514 588 1555 propositus.
634 1514 703 1546 Pro
722 1515 838 1546 Coelius
852 1516 958 1548 Barb.
974 1518 1005 1548 1.
1023 1521 1057 1547 et
1074 1516 1196 1547 Leidd.
1213 1518 1246 1547 2.
1260 1519 1293 1548 7.
1312 1517 1350 1547 C.
1366 1517 1498 1554 AElius5
1521 1515 1580 1547 sed
1598 1515 1685 1547 anti·

213 1557 271 1597 qui
289 1557 390 1588 codd.
407 1557 536 1589 habent
553 1558 680 1589 Coelius.
684 1561 769 1589 -40
793 1559 899 1590 Multi
922 1558 1023 1591 codd.
1052 1568 1130 1590 cum
1147 1559 1229 1591 Vet.
1255 1563 1293 1591 et
1313 1559 1411 1600 Mog.
1440 1559 1512 1594 Qua
1529 1559 1684 1599 Cinnano,

212 1601 330 1632 deleta
346 1597 602 1640 praepositione.
604 1604 688 1632 —41
716 1600 816 1633 Harl.
832 1601 1019 1640 conjunxit.
1058 1601 1252 1642 .dignitatis
1265 1612 1341 1634 sua’.
1345 1605 1431 1634 -42
1453 1601 1590 1634 Winck.
1606 1602 1685 1633 aue-

212 1643 279 1674 rius
300 1643 373 1681 sato
398 1643 658 1683 magnanimitas,
693 1645 783 1685 qnod
809 1645 965 1686 reposuit
992 1645 1156 1686 Pighius:
1194 1645 1293 1677 Leid.
1319 1648 1351 1677 7.
1379 1645 1579 1685 verecundia,
1611 1644 1684 1677 sive

212 1686 480 1725 naagnanimz‘tas5
498 1686 595 1719 Leid.
609 1690 639 1718 4.
651 1697 767 1727 magna
777 1687 970 1719 immunitas.
1000 1688 1132 1726 Omnes
1147 1688 1204 1719 alii
1216 1688 1319 1720 codd.
1332 1689 1514 1720 lectionem
1532 1692 1684 1720 nostram

212 1733 481 1761 tenentum—43
504 1732 513 1748 ‘
526 1730 632 1761 Dion.
647 1730 707 1762 lib.
722 1739 823 1763 XLVI.
838 1736 875 1762 et
888 1731 1016 1762 Elbium
1032 1731 1180 1762 Blasium
1195 1736 1310 1771 vocat,
1325 1736 1360 1762 et
1374 1741 1446 1762 rem
1459 1731 1567 1762 multo
1584 1731 1686 1762 aliter

212 1772 352 1804 narrat!
378 1773 599 1805 Corvum—44
623 1772 723 1805 Harl.
740 1773 793 1804 ubi
809 1774 849 1805 ad
863 1783 906 1806 se.
954 1773 1091 1805 Deinde
1110 1783 1172 1815 pro
1201 1774 1317 1814 equites
1340 1773 1438 1806 Leid.
1454 1776 1485 1806 1.
1510 1773 1684 1806 milites.—

872 1871 1014 1904 NOTAE

256 1953 273 1969 ¹·
306 1949 357 1980 Ab
390 1949 521 1980 Octavio
565 1947 702 1989 consule]
739 1947 920 1980 Quomodo

215 1999 325 2033 Cinna
357 1999 476 2030 urbem
505 1999 696 2039 occuparit,
733 1998 920 2030 Octavium

215 2049 397 2089 occiderit,
421 2049 565 2081 diximus
581 2050 638 2081 lib.
656 2059 681 2082 1.
710 2060 740 2081 c.
756 2053 788 2081 6.
814 2060 847 2081 n.
866 2053 919 2081 10.

258 2106 273 2122 ⁰
296 2101 485 2141 Placentiae]
503 2101 651 2142 Liguriae
668 2100 793 2133 civitas
809 2105 863 2132 est
877 2101 920 2132 ad

216 2162 350 2184 amnem
366 2152 539 2192 Trebiam,
554 2161 621 2183 non
638 2152 758 2193 procul
774 2162 793 2183 a
809 2151 919 2183 Pado.

215 2202 333 2234 Hodie
349 2202 525 2234 Ptaisance.

259 2257 274 2291 ss
298 2252 364 2286 An.
379 2254 429 2286 M.
445 2257 545 2286 3967.
584 2253 643 2285 01.
667 2256 740 2285 173.
770 2256 800 2284 1.
836 2253 921 2286 Urb.

216 2304 256 2337 C.
274 2308 350 2336 666.
388 2305 471 2337 Ant.
487 2306 548 2338 Ch.
564 2308 614 2337 86.

259 2360 276 2382 P
298 2354 443 2396 Mutina]
466 2354 562 2387 Urbe
589 2354 710 2386 Galliae
740 2353 923 2395 Cisalpinae

216 2406 251 2437 iu
267 2406 448 2444 Flaminia,
477 2405 542 2437 hoc
572 2405 661 2437 bello
686 2404 922 2437 celeberrima.

218 2457 336 2489 Hodie
352 2458 500 2490 Modena.

261 2513 276 2535 ‘1
299 2509 342 2540 Ue
357 2510 397 2540 ad
411 2519 444 2540 se
458 2508 726 2550 interficiendum]
744 2510 800 2542 De
813 2514 923 2541 morte

219 2559 357 2590 Decimi
389 2560 504 2599 Bruti,
536 2559 615 2600 quia
653 2560 834 2592 obscurior
869 2565 925 2592 est

218 2607 319 2648 fama,
341 2619 408 2640 non
425 2610 557 2650 pigebit
571 2610 635 2642 hoc
652 2611 686 2641 in
704 2611 779 2642 loco
795 2610 924 2642 studio-

220 2668 332 2690 sorum
346 2660 457 2700 gratia
468 2661 572 2701 paulo
583 2660 720 2692 uberius
733 2661 922 2693 disserere:

221 2710 399 2743 obsidione
430 2711 621 2744 Mutinensi
656 2712 699 2745 ab
731 2712 848 2745 Hirtio
889 2716 925 2745 et

976 1948 1092 1980 Pansa
1106 1948 1161 1980 vix
1175 1948 1342 1980 liberatus
1360 1953 1438 1980 erat
1449 1949 1590 1990 Brutus,
1605 1959 1682 1982 cum

976 2009 1060 2031 ecce
1090 2000 1269 2031 nuntiatur
1296 1999 1482 2031 Octavium
1510 2001 1684 2032 Caesarem

976 2061 1052 2083 eum
1071 2052 1218 2083 Antonio
1236 2056 1272 2083 et
1285 2051 1418 2092 Lepido
1431 2051 1547 2084 iniisse
1559 2051 1683 2085 foedus.

975 2101 1142 2134 Habebat
1158 2101 1295 2144 quidem
1312 2101 1465 2143 legiones
1478 2102 1612 2144 decem,
1623 2112 1685 2135 sex

975 2157 1147 2196 tyronum,
1160 2158 1400 2186 veteranorum
1419 2158 1588 2195 quatuor-3
1603 2155 1685 2187 viri·

976 2205 1039 2236 bus
1066 2210 1181 2237 tamen
1202 2206 1305 2247 longe
1332 2204 1484 2249 inferior,
1505 2205 1589 2247 quid
1605 2216 1686 2248 age-

977 2259 1043 2297 ret,
1066 2266 1132 2298 quo
1149 2256 1322 2298 tenderet,
1338 2257 1492 2289 incertus
1506 2257 1684 2290 1111εεὶ11111-

978 2307 1160 2347 quamdiu:
1187 2306 1326 2338 tandem
1349 2306 1394 2338 ad
1411 2307 1461 2339 M.
1477 2307 1626 2339 Brutum
1649 2309 1684 2340 in

977 2357 1220 2389 Macedoniam
1257 2367 1404 2399 pergere
1445 2358 1587 2391 statuit:
1623 2359 1683 2391 sed

978 2408 1086 2449 copiae
1104 2417 1221 2440 omnes
1237 2408 1302 2440 viae
1318 2407 1481 2449 longioris
1497 2408 1615 2441 labore
1627 2409 1686 2442 de-

977 2459 1110 2491 territae
1127 2459 1203 2491 aliae
1219 2465 1297 2500 post
1311 2459 1395 2490 alias
1411 2458 1600 2500 deficiunt;
1618 2461 1685 2502 pri-

978 2520 1069 2541 mum
1095 2515 1235 2551 tyrones
1262 2509 1305 2541 ad
1334 2510 1534 2549 Octavium,
1557 2510 1683 2543 deinde

979 2561 1022 2593 ad
1039 2561 1224 2593 Antonium
1240 2561 1411 2600 veterani,
1435 2561 1536 2602 paulo
1553 2566 1632 2602 post
1647 2556 1685 2594 et

980 2611 1161 2651 auxiliarii,
1184 2615 1221 2643 et
1244 2611 1336 2643 Gaui
1364 2611 1510 2652 Equites
1534 2611 1592 2642 aiii
1617 2613 1684 2644 ulio

980 2660 1185 2702 diffugiunt3
1210 2662 1285 2703 ipse
1309 2666 1424 2693 tamen
1449 2671 1527 2693 cum
1549 2666 1684 2693 trecen-

981 2713 1037 2754 tis,
1062 2713 1119 2755 qui
1147 2716 1350 2754 supererant
1379 2712 1578 2754 Equitibusr
1594 2712 1685 2745 Rhe-
