1878 3132
590 159 700 194 cAP.
724 159 792 192 vi.
827 158 890 191 nn
923 157 1179 192 pennum.
1535 143 1622 188 859

150 272 238 316 que
277 259 531 304 rescindere
561 259 723 310 voluit,
757 270 816 300 ne
854 257 1069 300 remissus
1104 257 1150 298 in
1186 254 1379 311 patriam
1419 254 1618 298 Bituitus

148 329 315 372 bellum
332 333 583 372 renovaret.
643 327 786 382 Igitur
804 339 905 369 eum
927 323 1090 367 Albam
1110 323 1332 368 custodiae
1348 337 1488 367 causa
1507 323 1618 366 rele-

149 398 290 452 gavit.

201 467 246 510 4.
277 465 473 509 Viriathi
488 465 623 508 etiam
645 462 796 507 caedes
816 462 1040 518 duplicem
1058 461 1259 517 perfidiae
1280 462 1618 506 accusationem

144 535 343 592 reeepit:
375 535 421 577 in
442 530 639 585 amicis,f
663 531 784 588 quod
805 544 958 575 eorum
986 530 1196 573 manibus
1228 530 1486 575 interemtus
1519 535 1618 573 est:

143 605 192 648 in
214 605 273 658 Q.
294 604 486 648 Servilio
508 602 720 659 Caepione
741 600 944 652 consule,
961 599 1071 656 quia
1091 599 1132 641 is
1150 598 1338 642 sceleris
1353 598 1488 654 hujus
1509 612 1618 642 auc-

144 677 232 726 tor,
256 673 526 728 impunitate
551 670 795 727 promissa,
825 668 937 712 fuit:
967 667 1294 725 victoriamque
1323 681 1415 711 non
1443 669 1617 719 meruit,

145 741 224 786 sed
245 742 384 786 emit.¹¹

751 842 1013 875 EXTERNA.

198 926 240 970 1.
271 925 440 970 Verum
460 927 511 967 ut
530 924 680 980 ipsum
698 923 863 966 fontem
882 922 1087 979 perfidiae
1117 921 1484 978 contemplemur,
1507 918 1618 965 Car-

140 994 438 1050 thaginienses
478 994 772 1049 Xantippum
807 991 1215 1043 Lacedaemonium,
1267 990 1397 1046 cujus
1445 990 1616 1046 optima

140 1077 280 1120 opera
297 1065 440 1120 primo
464 1063 638 1106 Punico
658 1062 780 1105 bello
800 1063 874 1105 usi
894 1061 1086 1112 fuerant,
1108 1064 1152 1103 et
1172 1073 1262 1116 quo
1275 1059 1463 1115 juvante
1484 1057 1617 1101 Atili·

137 1145 214 1175 um
235 1132 460 1188 Regulum
482 1136 708 1188 ceperant,
725 1132 986 1174 simulantes
1003 1143 1101 1173 sese
1122 1129 1301 1172 domum
1321 1127 1551 1179 revehere,
1570 1128 1615 1170 in
1664 1174 1669 1179 ,

139 1201 263 1245 alto⁶
291 1200 600 1246 merserunt.¹²¹'
659 1200 786 1254 Quid
820 1204 944 1244 tanto
976 1200 1174 1243 facinore
1202 1198 1437 1254 petentes?
1469 1209 1526 1239 an
1555 1209 1613 1239 ne

94 1283 102 1291 ·
138 1270 344 1315 victoriae
370 1284 521 1314 eorum
543 1270 696 1314 socius
716 1270 1002 1325 superesset?
1062 1267 1204 1310 Extat
1231 1266 1535 1318 nihilominus,
1568 1270 1614 1308 et

138 1338 320 1394 quidem
342 1353 442 1382 cum
462 1339 638 1382 illorum
659 1338 930 1394 opprobrio;
960 1350 1095 1393 quem
1117 1337 1212 1379 sine
1238 1336 1329 1380 ulla
1348 1335 1500 1390 gloriae
1512 1333 1613 1390 jac-

136 1410 239 1453 tura
259 1407 525 1452 inviolatum
545 1407 843 1463 reliquissent.

189 1475 235 1520 2.
268 1477 499 1521 Hannibal
533 1490 666 1533 porro
702 1474 975 1526 Nucerinos,
999 1474 1183 1517 hortatu
1204 1472 1310 1516 suoi
1340 1487 1445 1516 cum
1466 1473 1610 1516 binis⁷

134 1546 417 1590 vestimentis
438 1546 596 1589 urbem
626 1543 1050 1601 inexpugnabilibus
1081 1544 1218 1587 muris
1248 1543 1441 1586 cinctam
1461 1556 1609 1599 egres-

749 1654 989 1668 ‘OmmOOOO

129 1727 221 1751 suam
235 1722 267 1751 et
280 1719 324 1752 Δ.
336 1722 541 1761 gentem—6
557 1718 679 1752 Atreb.
692 1719 830 1752 Winck.
846 1722 883 1752 et
898 1718 996 1752 Leid.
1010 1721 1044 1751 4.
1066 1718 1101 1750 in
1114 1718 1179 1751 aleo
1189 1718 1283 1750 mari.
1312 1716 1478 1750 Nonnulli
1501 1717 1606 1750 codd.

115 1761 273 1799 ‘'Pori-en.
295 1763 329 1795 in
343 1765 464 1802 altum,-
486 1762 549 1796 sed
573 1763 676 1796 iidem
698 1762 774 1796 fere
799 1763 950 1796 miserunt
973 1762 1115 1800 habent,
1131 1760 1316 1794 manifesto
1332 1770 1460 1794 errore.
1507 1761 1606 1794 Unus

130 1804 268 1840 Douac.
292 1808 416 1840 domum
429 1807 552 1847 referre
572 1808 607 1839 in
628 1808 771 1841 alta-'7
793 1807 933 1850 Lipsius
949 1805 1042 1848 conj.
1055 1806 1182 1848 privis,·
1208 1805 1368 1838 Perizon.
1391 1806 1475 1838 unis.
1520 1805 1607 1837 Mox

797 1907 941 1941 NOTAE

893 1990 976 2022 sius.
1022 1989 1108 2021 Cum
1132 1988 1230 2021 navis
1252 1988 1411 2021 rimarum
1434 1987 1537 2029 plena
1554 1986 1606 2020 illi

170 1989 235 2023 ‘In
249 1990 374 2033 amicis]
406 1991 451 2025 Q.
475 1990 639 2024 Servilius
665 1990 785 2033 Caepio
801 1990 838 2023 in

893 2041 978 2075 data
999 2044 1103 2081 esset,
1126 2039 1227 2072 aliam
1250 2037 1466 2080 conscendit,
1479 2038 1604 2071 evasit-

126 2042 262 2076 duobus
288 2043 471 2084 peccavit3
505 2042 596 2085 quod
622 2046 659 2075 et
683 2052 839 2085 pacema

125 2092 231 2126 fratre
249 2093 357 2126 Fabio
373 2094 563 2126 serviliano
586 2092 716 2127 factam
730 2094 837 2126 viola·
892 2102 958 2137 que
971 2091 1174 2131 incolumis;
1210 2091 1259 2124 sic
1280 2090 1470 2132 Appianus.
1514 2090 1605 2123 Vec-

123 2145 190 2187 vit,
206 2150 244 2178 et
257 2144 447 2187 Audacem,
458 2145 610 2188 aliosque
622 2144 743 2187 duces,
753 2154 838 2188 quos

125 2195 279 2229 Viriatus
296 2195 341 2228 ad
368 2195 480 2238 ipsum
507 2195 697 2228 identidem
719 2196 836 2229 mitte-

122 2246 199 2289 bat,
214 2247 393 2290 corrupit:
426 2247 472 2279 ab
492 2247 534 2279 iis
559 2247 652 2279 enim
679 2247 836 2280 Viriatus

121 2303 229 2332 noctu
244 2299 378 2340 sopitus
394 2298 575 2332 confossus
589 2305 656 2333 est.

166 2355 184 2378 ⁸
197 2350 304 2392 Emit]
328 2350 598 2383 Percussoribus
610 2351 739 2384 nullam
755 2361 833 2394 gra·

124 2400 208 2434 tiam
240 2402 374 2443 retulit,
404 2411 481 2435 cum
509 2401 664 2435 diceret:
704 2403 715 2421 ‘
735 2403 834 2435 Nun-

122 2461 226 2494 quam
248 2452 422 2495 placuisse
446 2453 613 2486 Romanis
641 2453 834 2496 Imperato-

121 2510 195 2535 rem
225 2512 246 2535 a
272 2503 342 2536 suis
365 2503 517 2537 interfici
543 2504 731 2539 militibus?
775 2505 833 2539 Ita

119 2552 322 2596 Eutropius.

162 2601 178 2623 ¹²
193 2603 234 2635 In
255 2605 322 2636 alto
343 2606 532 2648 merserunt]
570 2605 651 2639 Alia
669 2610 724 2640 est
747 2608 831 2640 alio-

117 2662 192 2686 rum
223 2654 268 2687 de
289 2656 469 2699 Xantippo
497 2658 692 2691 sententia:
727 2659 831 2701 paulo

119 2710 198 2746 post
215 2706 409 2749 victoriam,
435 2709 638 2751 popularem
663 2709 829 2742 invidiam

117 2756 261 2801 veritus,
275 2758 310 2791 in
327 2759 499 2793 Graeciam
511 2759 628 2795 rediit.
672 2762 728 2795 Ita
740 2761 829 2795 Oro-

891 2150 986 2178 tores
1006 2143 1094 2186 jussi
1120 2147 1200 2175 sunt
1220 2142 1256 2175 in
1276 2142 1415 2174 deserta
1441 2141 1550 2174 insula
1563 2140 1604 2173 il-

890 2197 960 2229 lum
974 2204 1166 2237 exponere3
1188 2193 1237 2226 ita
1249 2193 1423 2226 Zonaras:
1447 2191 1603 2224 nonnulli

891 2247 1106 2280 submersum
1123 2244 1254 2277 volunt.

929 2297 939 2320 ¹
960 2296 1135 2330 Nucerinos
1149 2295 1278 2328 hortatu
1292 2293 1364 2336 suo]
1403 2294 1456 2327 De
1483 2294 1601 2327 Nuce-

888 2348 972 2382 rinis
988 2353 1025 2381 et
1046 2346 1248 2387 Acerranis,
1264 2355 1341 2388 quae
1356 2344 1426 2376 duo
1453 2344 1602 2386 Campa-

886 2401 955 2433 niae
972 2398 1115 2442 oppida,
1128 2407 1197 2430 non
1212 2396 1385 2429 consentit
1401 2395 1540 2428 Valerio
1556 2397 1598 2429 Τ.

887 2451 1027 2485 Livius:
1066 2450 1140 2482 vult
1166 2448 1255 2480 enim
1272 2446 1348 2478 illos
1365 2445 1410 2478 ad
1437 2446 1599 2488 hospitia,

887 2502 1084 2544 amicasque
1100 2498 1300 2540 Campaniae
1328 2497 1430 2530 urbes
1454 2507 1491 2530 se
1515 2507 1596 2531 eon·

885 2556 1028 2594 tulisse3
1050 2553 1111 2585 hos
1127 2545 1211 2583 vero'
1222 2560 1286 2592 per
1305 2550 1501 2582 intermissa
1522 2560 1598 2583 mu-

884 2608 1051 2645 nimenta,
1082 2603 1330 2644 neglectasque
1351 2601 1528 2634 custodias
1551 2602 1596 2634 si-

883 2657 990 2690 lentio
1015 2654 1128 2688 noctis
1142 2653 1292 2695 dilapsos
1310 2661 1373 2694 per
1387 2652 1469 2692 vias,
1484 2652 1595 2685 invia-

884 2717 964 2752 que,
979 2716 1045 2749 qua
1059 2712 1230 2747 quemque
1246 2706 1305 2734 ant
1327 2702 1516 2742 consilium,
1530 2707 1594 2737 aut

883 2765 997 2796 terror
1009 2757 1102 2799 tulit,
1115 2752 1322 2798 perfugisse.
1336 2752 1395 2786 lib.
1412 2761 1526 2787 xxm.
