<?xml version="1.0" encoding="UTF-8"?>
<!DOCTYPE html PUBLIC "-//W3C//DTD XHTML 1.0 Transitional//EN"
    "http://www.w3.org/TR/xhtml1/DTD/xhtml1-transitional.dtd">
<html xmlns="http://www.w3.org/1999/xhtml" xml:lang="en" lang="en">
 <head>
  <title>
</title>
<meta http-equiv="Content-Type" content="text/html;charset=utf-8" />
  <meta name='ocr-system' content='tesseract 3.04.00' />
  <meta name='ocr-capabilities' content='ocr_page ocr_carea ocr_par ocr_line ocrx_word'/>
</head>
<body>
  <div class='ocr_page' id='page_1' title='image "./factorumdictorum02valeuoft_0299.png"; bbox 0 0 1878 3132; ppageno 0'>
   <div class='ocr_carea' id='block_1_1' title="bbox 281 197 1622 244">
    <p class='ocr_par' dir='ltr' id='par_1_1' title="bbox 281 197 1622 244">
     <span class='ocr_line' id='line_1_1' title="bbox 281 197 1622 244; baseline -0.003 0"><span class='ocrx_word' id='word_1_1' title='bbox 281 212 390 244; x_wconf 70' lang='lat' dir='ltr'><strong>er.</strong></span> <span class='ocrx_word' id='word_1_2' title='bbox 412 212 457 243; x_wconf 92' lang='lat' dir='ltr'><strong>v.</strong></span> <span class='ocrx_word' id='word_1_3' title='bbox 490 209 555 243; x_wconf 76' lang='lat' dir='ltr'><strong>nn</strong></span> <span class='ocrx_word' id='word_1_4' title='bbox 585 207 913 243; x_wconf 72' lang='lat' dir='ltr'><strong>&#39;res&#39;rmomis</strong></span> <span class='ocrx_word' id='word_1_5' title='bbox 947 207 1142 240; x_wconf 71' lang='lat' dir='ltr'><strong>marris</strong></span> <span class='ocrx_word' id='word_1_6' title='bbox 1175 208 1274 241; x_wconf 76' lang='lat' dir='ltr'><strong>vm.</strong></span> <span class='ocrx_word' id='word_1_7' title='bbox 1307 208 1475 242; x_wconf 76' lang='lat' dir='ltr'><strong>RAT1S.</strong></span> <span class='ocrx_word' id='word_1_8' title='bbox 1532 197 1622 243; x_wconf 83' lang='lat'><strong>755</strong></span> 
     </span>
    </p>
   </div>
   <div class='ocr_carea' id='block_1_2' title="bbox 146 304 1626 435">
    <p class='ocr_par' dir='ltr' id='par_1_2' title="bbox 146 304 1626 435">
     <span class='ocr_line' id='line_1_2' title="bbox 146 304 1626 364; baseline -0.001 -11"><span class='ocrx_word' id='word_1_9' title='bbox 146 308 390 353; x_wconf 82' lang='lat' dir='ltr'><strong>testimonii</strong></span> <span class='ocrx_word' id='word_1_10' title='bbox 407 305 604 352; x_wconf 61' lang='lat' dir='ltr'><strong>fulmen¹¹</strong></span> <span class='ocrx_word' id='word_1_11' title='bbox 633 307 680 349; x_wconf 92' lang='lat' dir='ltr'><strong>in</strong></span> <span class='ocrx_word' id='word_1_12' title='bbox 703 306 769 349; x_wconf 88' lang='lat' dir='ltr'><strong>M.</strong></span> <span class='ocrx_word' id='word_1_13' title='bbox 790 304 1083 350; x_wconf 64' lang='lat' dir='ltr'><strong>Marcellum*</strong></span> <span class='ocrx_word' id='word_1_14' title='bbox 1114 318 1236 350; x_wconf 89' lang='lat' dir='ltr'><strong>reum</strong></span> <span class='ocrx_word' id='word_1_15' title='bbox 1270 307 1516 364; x_wconf 86' lang='lat' dir='ltr'><strong>injecisset,</strong></span> <span class='ocrx_word' id='word_1_16' title='bbox 1545 308 1626 351; x_wconf 87' lang='lat' dir='ltr'><strong>im-</strong></span> 
     </span>
     <span class='ocr_line' id='line_1_3' title="bbox 146 377 1022 435; baseline -0.005 -13"><span class='ocrx_word' id='word_1_17' title='bbox 146 382 256 435; x_wconf 88' lang='lat' dir='ltr'><strong>petu</strong></span> <span class='ocrx_word' id='word_1_18' title='bbox 275 378 442 434; x_wconf 85' lang='lat' dir='ltr'><strong>gravis,</strong></span> <span class='ocrx_word' id='word_1_19' title='bbox 461 378 590 420; x_wconf 89' lang='lat' dir='ltr'><strong>exitu</strong></span> <span class='ocrx_word' id='word_1_20' title='bbox 610 390 754 419; x_wconf 85' lang='lat' dir='ltr'><strong>vanus</strong></span> <span class='ocrx_word' id='word_1_21' title='bbox 776 377 1022 433; x_wconf 76' lang='lat' dir='ltr'><strong>apparuit.†</strong></span> 
     </span>
    </p>
   </div>
   <div class='ocr_carea' id='block_1_3' title="bbox 141 444 1629 710">
    <p class='ocr_par' dir='ltr' id='par_1_3' title="bbox 141 444 1629 710">
     <span class='ocr_line' id='line_1_4' title="bbox 205 444 1626 502; baseline 0 -13"><span class='ocrx_word' id='word_1_22' title='bbox 205 449 247 489; x_wconf 82' lang='lat'><strong>4.</strong></span> <span class='ocrx_word' id='word_1_23' title='bbox 278 445 377 502; x_wconf 85' lang='lat' dir='ltr'><strong>Age</strong></span> <span class='ocrx_word' id='word_1_24' title='bbox 399 446 458 499; x_wconf 87' lang='lat' dir='ltr'><strong>Q.</strong></span> <span class='ocrx_word' id='word_1_25' title='bbox 480 445 692 488; x_wconf 85' lang='lat' dir='ltr'><strong>Metellus</strong></span> <span class='ocrx_word' id='word_1_26' title='bbox 713 446 840 498; x_wconf 86' lang='lat' dir='ltr'><strong>Pius,</strong></span> <span class='ocrx_word' id='word_1_27' title='bbox 872 447 922 489; x_wconf 93' lang='lat' dir='ltr'><strong>L.</strong></span> <span class='ocrx_word' id='word_1_28' title='bbox 941 445 1009 489; x_wconf 91' lang='lat' dir='ltr'><strong>M.</strong></span> <span class='ocrx_word' id='word_1_29' title='bbox 1029 445 1224 498; x_wconf 84' lang='lat' dir='ltr'><strong>Luculli,</strong></span> <span class='ocrx_word' id='word_1_30' title='bbox 1249 444 1309 497; x_wconf 85' lang='lat' dir='ltr'><strong>Q.</strong></span> <span class='ocrx_word' id='word_1_31' title='bbox 1333 445 1626 498; x_wconf 84' lang='lat' dir='ltr'><strong>Hortensius,</strong></span> 
     </span>
     <span class='ocr_line' id='line_1_5' title="bbox 152 514 1627 572; baseline -0.001 -14"><span class='ocrx_word' id='word_1_32' title='bbox 152 516 217 558; x_wconf 88' lang='lat' dir='ltr'><strong>M.</strong></span> <span class='ocrx_word' id='word_1_33' title='bbox 239 516 457 572; x_wconf 84' lang='lat' dir='ltr'><strong>Lepidus,</strong></span> <span class='ocrx_word' id='word_1_34' title='bbox 478 515 531 558; x_wconf 91' lang='lat' dir='ltr'><strong>C.</strong></span> <span class='ocrx_word' id='word_1_35' title='bbox 549 514 769 559; x_wconf 81' lang='lat' dir='ltr'><strong>Corneliij</strong></span> <span class='ocrx_word' id='word_1_36' title='bbox 801 515 1060 572; x_wconf 57' lang='lat' dir='ltr'><strong>maiestatis</strong></span> <span class='ocrx_word' id='word_1_37' title='bbox 1090 515 1170 567; x_wconf 89' lang='lat' dir='ltr'><strong>rei,</strong></span> <span class='ocrx_word' id='word_1_38' title='bbox 1200 527 1338 571; x_wconf 83' lang='lat' dir='ltr'><strong>quam</strong></span> <span class='ocrx_word' id='word_1_39' title='bbox 1359 528 1450 557; x_wconf 92' lang='lat' dir='ltr'><strong>non</strong></span> <span class='ocrx_word' id='word_1_40' title='bbox 1471 527 1627 557; x_wconf 82' lang='lat' dir='ltr'><strong>onera-</strong></span> 
     </span>
     <span class='ocr_line' id='line_1_6' title="bbox 141 583 1628 639; baseline -0.002 -11"><span class='ocrx_word' id='word_1_41' title='bbox 141 590 252 628; x_wconf 82' lang='lat' dir='ltr'><strong>runt</strong></span> <span class='ocrx_word' id='word_1_42' title='bbox 271 583 579 627; x_wconf 84' lang='lat' dir='ltr'><strong>tantummodo</strong></span> <span class='ocrx_word' id='word_1_43' title='bbox 597 588 735 627; x_wconf 87' lang='lat' dir='ltr'><strong>testes</strong></span> <span class='ocrx_word' id='word_1_44' title='bbox 756 585 960 637; x_wconf 87' lang='lat' dir='ltr'><strong>salutem,</strong></span> <span class='ocrx_word' id='word_1_45' title='bbox 982 584 1065 627; x_wconf 91' lang='lat' dir='ltr'><strong>sed</strong></span> <span class='ocrx_word' id='word_1_46' title='bbox 1085 585 1221 628; x_wconf 85' lang='lat' dir='ltr'><strong>etiam</strong></span> <span class='ocrx_word' id='word_1_47' title='bbox 1234 590 1251 617; x_wconf 95' lang='lat'>⁷</span> <span class='ocrx_word' id='word_1_48' title='bbox 1286 586 1516 639; x_wconf 81' lang='lat' dir='ltr'><strong>negantes,</strong></span> <span class='ocrx_word' id='word_1_49' title='bbox 1550 584 1628 626; x_wconf 91' lang='lat' dir='ltr'><strong>illo</strong></span> 
     </span>
     <span class='ocr_line' id='line_1_7' title="bbox 149 651 1629 710; baseline -0.002 -13"><span class='ocrx_word' id='word_1_50' title='bbox 149 653 360 697; x_wconf 89' lang='lat' dir='ltr'><strong>incolumi</strong></span> <span class='ocrx_word' id='word_1_51' title='bbox 391 657 508 695; x_wconf 84' lang='lat' dir='ltr'><strong>stare</strong></span> <span class='ocrx_word' id='word_1_52' title='bbox 538 654 864 709; x_wconf 85' lang='lat' dir='ltr'><strong>rempublicam</strong></span> <span class='ocrx_word' id='word_1_53' title='bbox 892 667 1047 710; x_wconf 86' lang='lat' dir='ltr'><strong>posse,</strong></span> <span class='ocrx_word' id='word_1_54' title='bbox 1069 653 1471 710; x_wconf 65' lang='lat' dir='ltr'><strong>depoposcerunt?</strong></span> <span class='ocrx_word' id='word_1_55' title='bbox 1509 651 1629 704; x_wconf 86' lang='lat' dir='ltr'><strong>Quae</strong></span> 
     </span>
    </p>
   </div>
   <div class='ocr_carea' id='block_1_4' title="bbox 144 720 1638 1132">
    <p class='ocr_par' dir='ltr' id='par_1_4' title="bbox 144 720 1633 838">
     <span class='ocr_line' id='line_1_8' title="bbox 151 720 1633 779; baseline -0.001 -14"><span class='ocrx_word' id='word_1_56' title='bbox 151 721 343 766; x_wconf 82' lang='lat' dir='ltr'><strong>decora⁸</strong></span> <span class='ocrx_word' id='word_1_57' title='bbox 374 722 575 765; x_wconf 85' lang='lat' dir='ltr'><strong>civitatis</strong></span> <span class='ocrx_word' id='word_1_58' title='bbox 590 721 759 779; x_wconf 88' lang='lat' dir='ltr'><strong>(pudet</strong></span> <span class='ocrx_word' id='word_1_59' title='bbox 777 720 959 778; x_wconf 85' lang='lat' dir='ltr'><strong>referre)</strong></span> <span class='ocrx_word' id='word_1_60' title='bbox 985 723 1181 766; x_wconf 91' lang='lat' dir='ltr'><strong>umbone</strong></span> <span class='ocrx_word' id='word_1_61' title='bbox 1207 722 1420 778; x_wconf 84' lang='lat' dir='ltr'><strong>judiciali</strong></span> <span class='ocrx_word' id='word_1_62' title='bbox 1450 721 1633 776; x_wconf 84' lang='lat' dir='ltr'><strong>repulsa</strong></span> 
     </span>
     <span class='ocr_line' id='line_1_9' title="bbox 144 792 316 838; baseline 0 -4"><span class='ocrx_word' id='word_1_63' title='bbox 144 792 316 838; x_wconf 55' lang='lat' dir='ltr'><strong>&gt;sunt.⁰‡</strong></span> 
     </span>
    </p>

    <p class='ocr_par' dir='ltr' id='par_1_5' title="bbox 152 858 1638 1132">
     <span class='ocr_line' id='line_1_10' title="bbox 208 858 1633 913; baseline -0.002 -10"><span class='ocrx_word' id='word_1_64' title='bbox 208 861 253 903; x_wconf 87' lang='grc'><strong>5.</strong></span> <span class='ocrx_word' id='word_1_65' title='bbox 286 859 428 913; x_wconf 87' lang='lat' dir='ltr'><strong>Quid,</strong></span> <span class='ocrx_word' id='word_1_66' title='bbox 453 858 520 903; x_wconf 91' lang='lat' dir='ltr'><strong>M.</strong></span> <span class='ocrx_word' id='word_1_67' title='bbox 542 858 705 903; x_wconf 84' lang='lat' dir='ltr'><strong>Cicero</strong></span> <span class='ocrx_word' id='word_1_68' title='bbox 725 859 894 903; x_wconf 87' lang='lat' dir='ltr'><strong>forensi</strong></span> <span class='ocrx_word' id='word_1_69' title='bbox 913 859 1078 902; x_wconf 83' lang='lat' dir='ltr'><strong>militia</strong></span> <span class='ocrx_word' id='word_1_70' title='bbox 1099 872 1303 902; x_wconf 89' lang='lat' dir='ltr'><strong>summos</strong></span> <span class='ocrx_word' id='word_1_71' title='bbox 1323 859 1519 902; x_wconf 86' lang='lat' dir='ltr'><strong>honores</strong></span> <span class='ocrx_word' id='word_1_72' title='bbox 1541 871 1633 900; x_wconf 87' lang='lat' dir='ltr'><strong>am-</strong></span> 
     </span>
     <span class='ocr_line' id='line_1_11' title="bbox 152 928 1634 985; baseline -0.001 -14"><span class='ocrx_word' id='word_1_73' title='bbox 152 929 498 985; x_wconf 86' lang='lat' dir='ltr'><strong>plissimumque</strong></span> <span class='ocrx_word' id='word_1_74' title='bbox 532 928 764 984; x_wconf 84' lang='lat' dir='ltr'><strong>dignitatis</strong></span> <span class='ocrx_word' id='word_1_75' title='bbox 796 929 977 972; x_wconf 86' lang='lat' dir='ltr'><strong>locum⁹</strong></span> <span class='ocrx_word' id='word_1_76' title='bbox 1017 929 1228 985; x_wconf 86' lang='lat' dir='ltr'><strong>adeptus,</strong></span> <span class='ocrx_word' id='word_1_77' title='bbox 1259 941 1406 971; x_wconf 88' lang='lat' dir='ltr'><strong>nonne</strong></span> <span class='ocrx_word' id='word_1_78' title='bbox 1438 928 1484 970; x_wconf 90' lang='lat' dir='ltr'><strong>iu</strong></span> <span class='ocrx_word' id='word_1_79' title='bbox 1518 928 1634 984; x_wconf 87' lang='lat' dir='ltr'><strong>ipsis</strong></span> 
     </span>
     <span class='ocr_line' id='line_1_12' title="bbox 154 996 1635 1054; baseline -0.001 -14"><span class='ocrx_word' id='word_1_80' title='bbox 154 997 426 1054; x_wconf 85' lang='lat' dir='ltr'><strong>eloquentiae</strong></span> <span class='ocrx_word' id='word_1_81' title='bbox 461 1010 556 1040; x_wconf 83' lang='lat' dir='ltr'><strong>suae</strong></span> <span class='ocrx_word' id='word_1_82' title='bbox 590 998 753 1041; x_wconf 83' lang='lat' dir='ltr'><strong>castris</strong></span> <span class='ocrx_word' id='word_1_83' title='bbox 781 998 911 1041; x_wconf 85' lang='lat' dir='ltr'><strong>testis</strong></span> <span class='ocrx_word' id='word_1_84' title='bbox 946 998 1153 1054; x_wconf 84' lang='lat' dir='ltr'><strong>abjectus</strong></span> <span class='ocrx_word' id='word_1_85' title='bbox 1187 998 1290 1050; x_wconf 54' lang='lat' dir='ltr'><strong>est)</strong></span> <span class='ocrx_word' id='word_1_86' title='bbox 1325 997 1433 1040; x_wconf 90' lang='lat' dir='ltr'><strong>dum</strong></span> <span class='ocrx_word' id='word_1_87' title='bbox 1454 997 1508 1039; x_wconf 91' lang='lat' dir='ltr'><strong>P.</strong></span> <span class='ocrx_word' id='word_1_88' title='bbox 1530 996 1635 1039; x_wconf 87' lang='lat' dir='ltr'><strong>Clo—</strong></span> 
     </span>
     <span class='ocr_line' id='line_1_13' title="bbox 154 1063 1638 1132; baseline -0.001 -23"><span class='ocrx_word' id='word_1_89' title='bbox 154 1066 280 1109; x_wconf 89' lang='lat' dir='ltr'><strong>dium</strong></span> <span class='ocrx_word' id='word_1_90' title='bbox 297 1071 332 1092; x_wconf 85' lang='lat'><strong>¹0</strong></span> <span class='ocrx_word' id='word_1_91' title='bbox 362 1065 522 1109; x_wconf 82' lang='lat' dir='ltr'><strong>Romae</strong></span> <span class='ocrx_word' id='word_1_92' title='bbox 543 1066 667 1122; x_wconf 86' lang='lat' dir='ltr'><strong>apud</strong></span> <span class='ocrx_word' id='word_1_93' title='bbox 689 1079 739 1110; x_wconf 88' lang='lat' dir='ltr'><strong>se</strong></span> <span class='ocrx_word' id='word_1_94' title='bbox 753 1063 769 1090; x_wconf 71' lang='lat'><strong>¹³</strong></span> <span class='ocrx_word' id='word_1_95' title='bbox 787 1065 930 1111; x_wconf 86' lang='lat' dir='ltr'><strong>fuisse</strong></span> <span class='ocrx_word' id='word_1_96' title='bbox 954 1066 1139 1123; x_wconf 85' lang='lat' dir='ltr'><strong>juravit,</strong></span> <span class='ocrx_word' id='word_1_97' title='bbox 1159 1065 1240 1109; x_wconf 93' lang='lat' dir='ltr'><strong>illo</strong></span> <span class='ocrx_word' id='word_1_98' title='bbox 1262 1067 1534 1132; x_wconf 65' lang='lat' dir='ltr'><strong>sacrilegum</strong></span> <span class='ocrx_word' id='word_1_99' title='bbox 1555 1065 1638 1108; x_wconf 82' lang='lat' dir='ltr'><strong>fla-</strong></span> 
     </span>
    </p>
   </div>
   <div class='ocr_carea' id='block_1_5' title="bbox 146 1201 1596 1289">
    <p class='ocr_par' dir='ltr' id='par_1_6' title="bbox 146 1201 1596 1289">
     <span class='ocr_line' id='line_1_14' title="bbox 146 1201 1551 1244; baseline 0 -10"><span class='ocrx_word' id='word_1_100' title='bbox 146 1227 151 1230; x_wconf 95' lang='lat'><strong>.</strong></span> <span class='ocrx_word' id='word_1_101' title='bbox 198 1207 214 1223; x_wconf 80' lang='lat'><strong>¹²</strong></span> <span class='ocrx_word' id='word_1_102' title='bbox 231 1202 296 1239; x_wconf 78' lang='lat' dir='ltr'><strong>Qui</strong></span> <span class='ocrx_word' id='word_1_103' title='bbox 311 1202 449 1234; x_wconf 73' lang='lat' dir='ltr'><strong>homines</strong></span> <span class='ocrx_word' id='word_1_104' title='bbox 463 1201 536 1234; x_wconf 78' lang='lat' dir='ltr'><strong>licet</strong></span> <span class='ocrx_word' id='word_1_105' title='bbox 550 1206 734 1234; x_wconf 81' lang='lat' dir='ltr'><strong>ornamenta</strong></span> <span class='ocrx_word' id='word_1_106' title='bbox 747 1201 835 1234; x_wconf 72' lang='lat' dir='ltr'><strong>urbia</strong></span> <span class='ocrx_word' id='word_1_107' title='bbox 847 1204 962 1244; x_wconf 73' lang='lat' dir='ltr'><strong>ment,</strong></span> <span class='ocrx_word' id='word_1_108' title='bbox 976 1202 1095 1244; x_wconf 74' lang='lat' dir='ltr'><strong>repulsi</strong></span> <span class='ocrx_word' id='word_1_109' title='bbox 1108 1206 1184 1235; x_wconf 71' lang='lat' dir='ltr'><strong>sunt</strong></span> <span class='ocrx_word' id='word_1_110' title='bbox 1198 1202 1388 1244; x_wconf 79' lang='lat' dir='ltr'><strong>integritate</strong></span> <span class='ocrx_word' id='word_1_111' title='bbox 1393 1201 1551 1242; x_wconf 75' lang='lat' dir='ltr'><strong>judicum.</strong></span> 
     </span>
     <span class='ocr_line' id='line_1_15' title="bbox 199 1243 1596 1289; baseline 0.001 -12"><span class='ocrx_word' id='word_1_112' title='bbox 199 1245 214 1267; x_wconf 65' lang='grc' dir='ltr'>θ</span> <span class='ocrx_word' id='word_1_113' title='bbox 230 1247 340 1278; x_wconf 82' lang='lat' dir='ltr'><strong>Nonne</strong></span> <span class='ocrx_word' id='word_1_114' title='bbox 354 1246 387 1278; x_wconf 80' lang='lat' dir='ltr'><strong>in</strong></span> <span class='ocrx_word' id='word_1_115' title='bbox 403 1246 470 1287; x_wconf 75' lang='lat' dir='ltr'><strong>ipso</strong></span> <span class='ocrx_word' id='word_1_116' title='bbox 474 1245 562 1286; x_wconf 83' lang='lat' dir='ltr'><strong>foro,</strong></span> <span class='ocrx_word' id='word_1_117' title='bbox 578 1245 631 1277; x_wconf 77' lang='lat' dir='ltr'><strong>ubi</strong></span> <span class='ocrx_word' id='word_1_118' title='bbox 646 1246 852 1287; x_wconf 78' lang='lat' dir='ltr'><strong>eloquentiam</strong></span> <span class='ocrx_word' id='word_1_119' title='bbox 867 1255 957 1278; x_wconf 78' lang='lat' dir='ltr'><strong>snam</strong></span> <span class='ocrx_word' id='word_1_120' title='bbox 972 1256 1053 1289; x_wconf 66' lang='grc' dir='ltr'><strong>ηερε</strong></span> <span class='ocrx_word' id='word_1_121' title='bbox 1067 1247 1258 1289; x_wconf 75' lang='lat' dir='ltr'><strong>ostentabat,</strong></span> <span class='ocrx_word' id='word_1_122' title='bbox 1273 1247 1363 1280; x_wconf 76' lang='lat' dir='ltr'><strong>testis</strong></span> <span class='ocrx_word' id='word_1_123' title='bbox 1375 1246 1508 1287; x_wconf 67' lang='lat' dir='ltr'><strong>reiectus</strong></span> <span class='ocrx_word' id='word_1_124' title='bbox 1519 1248 1567 1278; x_wconf 78' lang='lat' dir='ltr'><strong>est</strong></span> <span class='ocrx_word' id='word_1_125' title='bbox 1579 1243 1596 1278; x_wconf 70' lang='lat'><strong>:²</strong></span> 
     </span>
    </p>
   </div>
   <div class='ocr_carea' id='block_1_6' title="bbox 756 1343 1002 1356">
    <p class='ocr_par' dir='ltr' id='par_1_7' title="bbox 756 1343 1002 1356">
     <span class='ocr_line' id='line_1_16' title="bbox 756 1343 1002 1356; baseline 0 0"><span class='ocrx_word' id='word_1_126' title='bbox 756 1343 1002 1356; x_wconf 54' lang='lat' dir='ltr'><strong>NOOOO‘N‘OO</strong></span> 
     </span>
    </p>
   </div>
   <div class='ocr_carea' id='block_1_7' title="bbox 155 1408 1643 1714">
    <p class='ocr_par' dir='ltr' id='par_1_8' title="bbox 155 1408 1643 1714">
     <span class='ocr_line' id='line_1_17' title="bbox 157 1408 1640 1453; baseline 0 -12"><span class='ocrx_word' id='word_1_127' title='bbox 157 1410 294 1442; x_wconf 56' lang='lat' dir='ltr'><strong>lium—&#39;¹1</strong></span> <span class='ocrx_word' id='word_1_128' title='bbox 318 1409 376 1442; x_wconf 83' lang='lat' dir='ltr'><strong>Ita</strong></span> <span class='ocrx_word' id='word_1_129' title='bbox 390 1418 434 1441; x_wconf 89' lang='lat' dir='ltr'><strong>ex</strong></span> <span class='ocrx_word' id='word_1_130' title='bbox 449 1408 552 1442; x_wconf 86' lang='lat' dir='ltr'><strong>codd.</strong></span> <span class='ocrx_word' id='word_1_131' title='bbox 570 1409 726 1443; x_wconf 77' lang='lat' dir='ltr'><strong>restituit</strong></span> <span class='ocrx_word' id='word_1_132' title='bbox 739 1410 905 1451; x_wconf 82' lang='lat' dir='ltr'><strong>Pighius;</strong></span> <span class='ocrx_word' id='word_1_133' title='bbox 928 1416 965 1443; x_wconf 88' lang='lat' dir='ltr'><strong>et</strong></span> <span class='ocrx_word' id='word_1_134' title='bbox 980 1410 1109 1453; x_wconf 82' lang='lat' dir='ltr'><strong>legitur</strong></span> <span class='ocrx_word' id='word_1_135' title='bbox 1125 1419 1261 1453; x_wconf 85' lang='lat' dir='ltr'><strong>quoque</strong></span> <span class='ocrx_word' id='word_1_136' title='bbox 1287 1410 1338 1443; x_wconf 81' lang='lat' dir='ltr'><strong>ita</strong></span> <span class='ocrx_word' id='word_1_137' title='bbox 1365 1409 1399 1441; x_wconf 88' lang='lat' dir='ltr'><strong>in</strong></span> <span class='ocrx_word' id='word_1_138' title='bbox 1426 1419 1496 1442; x_wconf 91' lang='lat' dir='ltr'><strong>uno</strong></span> <span class='ocrx_word' id='word_1_139' title='bbox 1510 1409 1640 1442; x_wconf 84' lang='lat' dir='ltr'><strong>Brand.</strong></span> 
     </span>
     <span class='ocr_line' id='line_1_18' title="bbox 156 1451 1641 1494; baseline 0 -9"><span class='ocrx_word' id='word_1_140' title='bbox 156 1458 192 1485; x_wconf 84' lang='lat' dir='ltr'><strong>et</strong></span> <span class='ocrx_word' id='word_1_141' title='bbox 208 1452 366 1485; x_wconf 80' lang='lat' dir='ltr'><strong>omnibus</strong></span> <span class='ocrx_word' id='word_1_142' title='bbox 379 1451 453 1485; x_wconf 86' lang='lat' dir='ltr'><strong>fere</strong></span> <span class='ocrx_word' id='word_1_143' title='bbox 468 1453 569 1486; x_wconf 82' lang='lat' dir='ltr'><strong>codd.</strong></span> <span class='ocrx_word' id='word_1_144' title='bbox 585 1454 731 1486; x_wconf 83' lang='lat' dir='ltr'><strong>Torren.</strong></span> <span class='ocrx_word' id='word_1_145' title='bbox 748 1454 932 1494; x_wconf 66' lang='lat' dir='ltr'><strong>Maiestatis</strong></span> <span class='ocrx_word' id='word_1_146' title='bbox 945 1455 994 1487; x_wconf 80' lang='lat' dir='ltr'><strong>rei</strong></span> <span class='ocrx_word' id='word_1_147' title='bbox 1006 1464 1069 1487; x_wconf 86' lang='lat' dir='ltr'><strong>non</strong></span> <span class='ocrx_word' id='word_1_148' title='bbox 1092 1456 1182 1487; x_wconf 85' lang='lat' dir='ltr'><strong>modo</strong></span> <span class='ocrx_word' id='word_1_149' title='bbox 1207 1457 1414 1486; x_wconf 77' lang='lat' dir='ltr'><strong>oneraverunt</strong></span> <span class='ocrx_word' id='word_1_150' title='bbox 1439 1457 1535 1485; x_wconf 77' lang='lat' dir='ltr'><strong>testes</strong></span> <span class='ocrx_word' id='word_1_151' title='bbox 1556 1455 1641 1485; x_wconf 81' lang='lat' dir='ltr'><strong>salu-</strong></span> 
     </span>
     <span class='ocr_line' id='line_1_19' title="bbox 155 1496 1642 1539; baseline 0 -11"><span class='ocrx_word' id='word_1_152' title='bbox 155 1499 232 1537; x_wconf 76' lang='lat' dir='ltr'><strong>tem,</strong></span> <span class='ocrx_word' id='word_1_153' title='bbox 254 1497 309 1528; x_wconf 69' lang='lat' dir='ltr'><strong>aed</strong></span> <span class='ocrx_word' id='word_1_154' title='bbox 322 1496 419 1529; x_wconf 75' lang='lat' dir='ltr'><strong>etiam</strong></span> <span class='ocrx_word' id='word_1_155' title='bbox 430 1506 443 1534; x_wconf 93' lang='lat'><strong>,·</strong></span> <span class='ocrx_word' id='word_1_156' title='bbox 468 1497 582 1539; x_wconf 82' lang='lat' dir='ltr'><strong>vulgg.</strong></span> <span class='ocrx_word' id='word_1_157' title='bbox 596 1498 654 1530; x_wconf 86' lang='lat' dir='ltr'><strong>Cn.</strong></span> <span class='ocrx_word' id='word_1_158' title='bbox 674 1498 855 1531; x_wconf 78' lang='lat' dir='ltr'><strong>Cornelium</strong></span> <span class='ocrx_word' id='word_1_159' title='bbox 876 1508 919 1531; x_wconf 90' lang='lat' dir='ltr'><strong>m.</strong></span> <span class='ocrx_word' id='word_1_160' title='bbox 933 1508 1022 1531; x_wconf 81' lang='lat' dir='ltr'><strong>ream</strong></span> <span class='ocrx_word' id='word_1_161' title='bbox 1034 1509 1047 1537; x_wconf 83' lang='lat'><strong>,-</strong></span> <span class='ocrx_word' id='word_1_162' title='bbox 1069 1498 1168 1531; x_wconf 84' lang='lat' dir='ltr'><strong>aliae:</strong></span> <span class='ocrx_word' id='word_1_163' title='bbox 1193 1497 1369 1538; x_wconf 70' lang='lat' dir='ltr'><strong>majestatis</strong></span> <span class='ocrx_word' id='word_1_164' title='bbox 1393 1497 1441 1529; x_wconf 79' lang='lat' dir='ltr'><strong>rei</strong></span> <span class='ocrx_word' id='word_1_165' title='bbox 1467 1507 1526 1529; x_wconf 87' lang='lat' dir='ltr'><strong>non</strong></span> <span class='ocrx_word' id='word_1_166' title='bbox 1551 1498 1642 1529; x_wconf 83' lang='lat' dir='ltr'><strong>modo</strong></span> 
     </span>
     <span class='ocr_line' id='line_1_20' title="bbox 157 1540 1641 1584; baseline 0 -12"><span class='ocrx_word' id='word_1_167' title='bbox 157 1543 255 1572; x_wconf 69' lang='lat' dir='ltr'><strong>testes</strong></span> <span class='ocrx_word' id='word_1_168' title='bbox 273 1543 456 1581; x_wconf 77' lang='lat' dir='ltr'><strong>onerarunt,</strong></span> <span class='ocrx_word' id='word_1_169' title='bbox 476 1541 532 1573; x_wconf 72' lang='lat' dir='ltr'><strong>sed</strong></span> <span class='ocrx_word' id='word_1_170' title='bbox 557 1540 654 1573; x_wconf 80' lang='lat' dir='ltr'><strong>etiam</strong></span> <span class='ocrx_word' id='word_1_171' title='bbox 680 1541 813 1573; x_wconf 78' lang='lat' dir='ltr'><strong>salutem</strong></span> <span class='ocrx_word' id='word_1_172' title='bbox 837 1545 1006 1582; x_wconf 75' lang='lat' dir='ltr'><strong>negantes,</strong></span> <span class='ocrx_word' id='word_1_173' title='bbox 1030 1544 1152 1583; x_wconf 59' lang='grc' dir='ltr'>εμπ-8</span> <span class='ocrx_word' id='word_1_174' title='bbox 1175 1541 1217 1574; x_wconf 90' lang='lat' dir='ltr'><strong>In</strong></span> <span class='ocrx_word' id='word_1_175' title='bbox 1234 1541 1365 1584; x_wconf 79' lang='lat' dir='ltr'><strong>aliquot</strong></span> <span class='ocrx_word' id='word_1_176' title='bbox 1379 1540 1480 1574; x_wconf 87' lang='lat' dir='ltr'><strong>codd.</strong></span> <span class='ocrx_word' id='word_1_177' title='bbox 1495 1541 1641 1573; x_wconf 85' lang='lat' dir='ltr'><strong>Torren.</strong></span> 
     </span>
     <span class='ocr_line' id='line_1_21' title="bbox 159 1583 1640 1626; baseline 0.001 -11"><span class='ocrx_word' id='word_1_178' title='bbox 159 1583 240 1620; x_wconf 74' lang='lat' dir='ltr'><strong>Quoe</strong></span> <span class='ocrx_word' id='word_1_179' title='bbox 252 1584 479 1616; x_wconf 78' lang='lat' dir='ltr'><strong>dedecora.-—9</strong></span> <span class='ocrx_word' id='word_1_180' title='bbox 503 1584 630 1626; x_wconf 81' lang='lat' dir='ltr'><strong>Copes.</strong></span> <span class='ocrx_word' id='word_1_181' title='bbox 645 1584 853 1626; x_wconf 69' lang='lat' dir='ltr'><strong>amplissimos</strong></span> <span class='ocrx_word' id='word_1_182' title='bbox 865 1585 1037 1626; x_wconf 66' lang='lat' dir='ltr'><strong>dignitatis</strong></span> <span class='ocrx_word' id='word_1_183' title='bbox 1049 1586 1172 1626; x_wconf 74' lang='lat' dir='ltr'><strong>gradus</strong></span> <span class='ocrx_word' id='word_1_184' title='bbox 1181 1595 1193 1623; x_wconf 93' lang='lat'><strong>,·</strong></span> <span class='ocrx_word' id='word_1_185' title='bbox 1215 1585 1298 1618; x_wconf 81' lang='lat' dir='ltr'><strong>Par.</strong></span> <span class='ocrx_word' id='word_1_186' title='bbox 1315 1587 1347 1617; x_wconf 78' lang='lat'><strong>3.</strong></span> <span class='ocrx_word' id='word_1_187' title='bbox 1360 1585 1507 1626; x_wconf 80' lang='lat' dir='ltr'><strong>gradum.</strong></span> <span class='ocrx_word' id='word_1_188' title='bbox 1554 1585 1640 1616; x_wconf 85' lang='lat' dir='ltr'><strong>Mox</strong></span> 
     </span>
     <span class='ocr_line' id='line_1_22' title="bbox 158 1627 1643 1671; baseline 0.001 -13"><span class='ocrx_word' id='word_1_189' title='bbox 158 1627 240 1659; x_wconf 86' lang='lat' dir='ltr'><strong>Vet.</strong></span> <span class='ocrx_word' id='word_1_190' title='bbox 257 1627 354 1668; x_wconf 86' lang='lat' dir='ltr'><strong>Mog.</strong></span> <span class='ocrx_word' id='word_1_191' title='bbox 371 1627 517 1659; x_wconf 84' lang='lat' dir='ltr'><strong>Venett.</strong></span> <span class='ocrx_word' id='word_1_192' title='bbox 534 1627 681 1660; x_wconf 88' lang='lat' dir='ltr'><strong>Mediol.</strong></span> <span class='ocrx_word' id='word_1_193' title='bbox 695 1628 835 1671; x_wconf 70' lang='lat' dir='ltr'><strong>reliquae</strong></span> <span class='ocrx_word' id='word_1_194' title='bbox 853 1634 936 1661; x_wconf 85' lang='lat' dir='ltr'><strong>ante</strong></span> <span class='ocrx_word' id='word_1_195' title='bbox 952 1628 1127 1671; x_wconf 83' lang='lat' dir='ltr'><strong>Pighium‚</strong></span> <span class='ocrx_word' id='word_1_196' title='bbox 1140 1629 1175 1661; x_wconf 81' lang='lat' dir='ltr'><strong>in</strong></span> <span class='ocrx_word' id='word_1_197' title='bbox 1189 1629 1301 1670; x_wconf 74' lang='lat' dir='ltr'><strong>ipsius,</strong></span> <span class='ocrx_word' id='word_1_198' title='bbox 1317 1630 1370 1670; x_wconf 60' lang='lat' dir='ltr'><strong>&amp;a</strong></span> <span class='ocrx_word' id='word_1_199' title='bbox 1387 1632 1508 1661; x_wconf 80' lang='lat' dir='ltr'><strong>contra</strong></span> <span class='ocrx_word' id='word_1_200' title='bbox 1524 1638 1643 1660; x_wconf 78' lang='lat' dir='ltr'><strong>omnes</strong></span> 
     </span>
     <span class='ocr_line' id='line_1_23' title="bbox 156 1669 1643 1714; baseline 0.001 -12"><span class='ocrx_word' id='word_1_201' title='bbox 156 1669 349 1703; x_wconf 58' lang='lat' dir='ltr'><strong>eodm—10</strong></span> <span class='ocrx_word' id='word_1_202' title='bbox 374 1671 543 1703; x_wconf 73' lang='lat' dir='ltr'><strong>Claudium</strong></span> <span class='ocrx_word' id='word_1_203' title='bbox 557 1671 613 1704; x_wconf 87' lang='lat' dir='ltr'><strong>hic</strong></span> <span class='ocrx_word' id='word_1_204' title='bbox 628 1677 664 1705; x_wconf 85' lang='lat' dir='ltr'><strong>et</strong></span> <span class='ocrx_word' id='word_1_205' title='bbox 682 1670 771 1704; x_wconf 81' lang='lat' dir='ltr'><strong>infra</strong></span> <span class='ocrx_word' id='word_1_206' title='bbox 786 1671 821 1705; x_wconf 90' lang='lat' dir='ltr'><strong>in</strong></span> <span class='ocrx_word' id='word_1_207' title='bbox 836 1673 954 1706; x_wconf 77' lang='lat' dir='ltr'><strong>multis</strong></span> <span class='ocrx_word' id='word_1_208' title='bbox 969 1672 1157 1706; x_wconf 84' lang='lat' dir='ltr'><strong>codd.—11</strong></span> <span class='ocrx_word' id='word_1_209' title='bbox 1185 1672 1241 1705; x_wconf 88' lang='lat' dir='ltr'><strong>Ita</strong></span> <span class='ocrx_word' id='word_1_210' title='bbox 1256 1672 1359 1714; x_wconf 82' lang='lat' dir='ltr'><strong>Pigh.</strong></span> <span class='ocrx_word' id='word_1_211' title='bbox 1382 1682 1426 1704; x_wconf 89' lang='lat' dir='ltr'><strong>ex</strong></span> <span class='ocrx_word' id='word_1_212' title='bbox 1451 1671 1575 1706; x_wconf 84' lang='lat' dir='ltr'><strong>Atreb.</strong></span> <span class='ocrx_word' id='word_1_213' title='bbox 1605 1676 1643 1704; x_wconf 83' lang='lat' dir='ltr'><strong>et</strong></span> 
     </span>
    </p>
   </div>
   <div class='ocr_carea' id='block_1_8' title="bbox 828 1763 972 1799">
    <p class='ocr_par' dir='ltr' id='par_1_9' title="bbox 828 1763 972 1799">
     <span class='ocr_line' id='line_1_24' title="bbox 828 1763 972 1799; baseline -0.007 0"><span class='ocrx_word' id='word_1_214' title='bbox 828 1765 861 1799; x_wconf 91' lang='lat' dir='ltr'>N</span> <span class='ocrx_word' id='word_1_215' title='bbox 865 1763 972 1799; x_wconf 79' lang='lat' dir='ltr'><strong>OTAE</strong></span> 
     </span>
    </p>
   </div>
   <div class='ocr_carea' id='block_1_9' title="bbox 152 1838 876 2192">
    <p class='ocr_par' dir='ltr' id='par_1_10' title="bbox 159 1838 872 2027">
     <span class='ocr_line' id='line_1_25' title="bbox 200 1838 871 1883; baseline 0.003 -11"><span class='ocrx_word' id='word_1_216' title='bbox 200 1838 218 1862; x_wconf 76' lang='lat'><strong>¹¹</strong></span> <span class='ocrx_word' id='word_1_217' title='bbox 241 1839 426 1873; x_wconf 67' lang='lat' dir='ltr'><strong>Testimonii</strong></span> <span class='ocrx_word' id='word_1_218' title='bbox 439 1839 582 1883; x_wconf 78' lang='lat' dir='ltr'><strong>fulmen]</strong></span> <span class='ocrx_word' id='word_1_219' title='bbox 606 1840 708 1875; x_wconf 82' lang='lat' dir='ltr'><strong>Quod</strong></span> <span class='ocrx_word' id='word_1_220' title='bbox 732 1840 871 1874; x_wconf 87' lang='lat' dir='ltr'><strong>inimico</strong></span> 
     </span>
     <span class='ocr_line' id='line_1_26' title="bbox 160 1891 872 1932; baseline 0.003 -8"><span class='ocrx_word' id='word_1_221' title='bbox 160 1891 274 1924; x_wconf 81' lang='lat' dir='ltr'><strong>animo</strong></span> <span class='ocrx_word' id='word_1_222' title='bbox 300 1892 535 1926; x_wconf 80' lang='lat' dir='ltr'><strong>testimonium</strong></span> <span class='ocrx_word' id='word_1_223' title='bbox 551 1892 693 1932; x_wconf 83' lang='lat' dir='ltr'><strong>dixerit,</strong></span> <span class='ocrx_word' id='word_1_224' title='bbox 709 1893 786 1926; x_wconf 92' lang='lat' dir='ltr'><strong>ideo</strong></span> <span class='ocrx_word' id='word_1_225' title='bbox 802 1903 872 1926; x_wconf 89' lang='lat' dir='ltr'><strong>non</strong></span> 
     </span>
     <span class='ocr_line' id='line_1_27' title="bbox 159 1942 871 1987; baseline 0.001 -12"><span class='ocrx_word' id='word_1_226' title='bbox 159 1942 325 1984; x_wconf 75' lang='lat' dir='ltr'><strong>probatus</strong></span> <span class='ocrx_word' id='word_1_227' title='bbox 346 1947 416 1976; x_wconf 81' lang='lat' dir='ltr'><strong>est.</strong></span> <span class='ocrx_word' id='word_1_228' title='bbox 459 1942 518 1976; x_wconf 77' lang='lat' dir='ltr'><strong>Ita</strong></span> <span class='ocrx_word' id='word_1_229' title='bbox 540 1943 664 1977; x_wconf 88' lang='lat' dir='ltr'><strong>Cicero</strong></span> <span class='ocrx_word' id='word_1_230' title='bbox 688 1954 751 1987; x_wconf 87' lang='lat' dir='ltr'><strong>pro</strong></span> <span class='ocrx_word' id='word_1_231' title='bbox 780 1944 871 1976; x_wconf 85' lang='lat' dir='ltr'><strong>Fou-</strong></span> 
     </span>
     <span class='ocr_line' id='line_1_28' title="bbox 161 1994 244 2027; baseline 0 -1"><span class='ocrx_word' id='word_1_232' title='bbox 161 1994 244 2027; x_wconf 78' lang='lat' dir='ltr'><strong>teio.</strong></span> 
     </span>
    </p>

    <p class='ocr_par' dir='ltr' id='par_1_11' title="bbox 152 2044 876 2192">
     <span class='ocr_line' id='line_1_29' title="bbox 203 2044 872 2088; baseline 0.003 -11"><span class='ocrx_word' id='word_1_233' title='bbox 203 2044 214 2066; x_wconf 76' lang='lat'><strong>⁴</strong></span> <span class='ocrx_word' id='word_1_234' title='bbox 242 2045 294 2077; x_wconf 85' lang='lat' dir='ltr'><strong>M.</strong></span> <span class='ocrx_word' id='word_1_235' title='bbox 323 2045 529 2088; x_wconf 74' lang='lat' dir='ltr'><strong>Marcellum]</strong></span> <span class='ocrx_word' id='word_1_236' title='bbox 565 2046 635 2081; x_wconf 80' lang='lat' dir='ltr'><strong>Qui</strong></span> <span class='ocrx_word' id='word_1_237' title='bbox 665 2046 806 2081; x_wconf 84' lang='lat' dir='ltr'><strong>Praetor</strong></span> <span class='ocrx_word' id='word_1_238' title='bbox 835 2047 872 2079; x_wconf 87' lang='lat' dir='ltr'><strong>in</strong></span> 
     </span>
     <span class='ocr_line' id='line_1_30' title="bbox 152 2095 874 2131; baseline 0.003 -2"><span class='ocrx_word' id='word_1_239' title='bbox 152 2095 297 2129; x_wconf 75' lang='lat' dir='ltr'><strong>Achaia</strong></span> <span class='ocrx_word' id='word_1_240' title='bbox 323 2101 362 2129; x_wconf 87' lang='lat' dir='ltr'><strong>et</strong></span> <span class='ocrx_word' id='word_1_241' title='bbox 386 2097 527 2130; x_wconf 79' lang='lat' dir='ltr'><strong>Graeeia</strong></span> <span class='ocrx_word' id='word_1_242' title='bbox 551 2096 677 2130; x_wconf 78' lang='lat' dir='ltr'><strong>fuerat.</strong></span> <span class='ocrx_word' id='word_1_243' title='bbox 723 2098 780 2131; x_wconf 83' lang='lat' dir='ltr'><strong>De</strong></span> <span class='ocrx_word' id='word_1_244' title='bbox 795 2098 874 2131; x_wconf 88' lang='lat' dir='ltr'><strong>Me·</strong></span> 
     </span>
     <span class='ocr_line' id='line_1_31' title="bbox 162 2148 876 2192; baseline 0.004 -12"><span class='ocrx_word' id='word_1_245' title='bbox 162 2148 260 2190; x_wconf 84' lang='lat' dir='ltr'><strong>tello,</strong></span> <span class='ocrx_word' id='word_1_246' title='bbox 270 2148 432 2188; x_wconf 84' lang='lat' dir='ltr'><strong>Lucullis,</strong></span> <span class='ocrx_word' id='word_1_247' title='bbox 442 2153 479 2181; x_wconf 83' lang='lat' dir='ltr'><strong>et</strong></span> <span class='ocrx_word' id='word_1_248' title='bbox 491 2149 680 2182; x_wconf 78' lang='lat' dir='ltr'><strong>Hortensio</strong></span> <span class='ocrx_word' id='word_1_249' title='bbox 685 2149 759 2192; x_wconf 84' lang='lat' dir='ltr'><strong>jam</strong></span> <span class='ocrx_word' id='word_1_250' title='bbox 771 2159 876 2192; x_wconf 72' lang='lat' dir='ltr'><strong>supra</strong></span> 
     </span>
    </p>
   </div>
   <div class='ocr_carea' id='block_1_10' title="bbox 925 1839 1645 2192">
    <p class='ocr_par' dir='ltr' id='par_1_12' title="bbox 925 1839 1645 2192">
     <span class='ocr_line' id='line_1_32' title="bbox 927 1839 1643 1874; baseline 0 -2"><span class='ocrx_word' id='word_1_251' title='bbox 927 1839 1034 1874; x_wconf 79' lang='lat' dir='ltr'><strong>fuerit</strong></span> <span class='ocrx_word' id='word_1_252' title='bbox 1053 1841 1106 1874; x_wconf 89' lang='lat' dir='ltr'><strong>M.</strong></span> <span class='ocrx_word' id='word_1_253' title='bbox 1133 1840 1314 1873; x_wconf 76' lang='lat' dir='ltr'><strong>Ciceronis</strong></span> <span class='ocrx_word' id='word_1_254' title='bbox 1330 1844 1367 1872; x_wconf 90' lang='lat' dir='ltr'><strong>et</strong></span> <span class='ocrx_word' id='word_1_255' title='bbox 1382 1840 1426 1872; x_wconf 88' lang='lat' dir='ltr'><strong>P.</strong></span> <span class='ocrx_word' id='word_1_256' title='bbox 1443 1839 1556 1873; x_wconf 88' lang='lat' dir='ltr'><strong>Clodii</strong></span> <span class='ocrx_word' id='word_1_257' title='bbox 1579 1839 1643 1872; x_wconf 86' lang='lat' dir='ltr'><strong>ini-</strong></span> 
     </span>
     <span class='ocr_line' id='line_1_33' title="bbox 925 1890 1642 1936; baseline -0.001 -11"><span class='ocrx_word' id='word_1_258' title='bbox 925 1892 1071 1934; x_wconf 86' lang='lat' dir='ltr'><strong>micitia,</strong></span> <span class='ocrx_word' id='word_1_259' title='bbox 1087 1902 1203 1935; x_wconf 82' lang='lat' dir='ltr'><strong>operae</strong></span> <span class='ocrx_word' id='word_1_260' title='bbox 1221 1892 1371 1936; x_wconf 86' lang='lat' dir='ltr'><strong>pretium</strong></span> <span class='ocrx_word' id='word_1_261' title='bbox 1386 1890 1560 1925; x_wconf 77' lang='lat' dir='ltr'><strong>facturum</strong></span> <span class='ocrx_word' id='word_1_262' title='bbox 1585 1901 1642 1924; x_wconf 88' lang='lat' dir='ltr'><strong>me</strong></span> 
     </span>
     <span class='ocr_line' id='line_1_34' title="bbox 926 1943 1645 1988; baseline -0.003 -10"><span class='ocrx_word' id='word_1_263' title='bbox 926 1945 1058 1987; x_wconf 84' lang='lat' dir='ltr'><strong>putavi,</strong></span> <span class='ocrx_word' id='word_1_264' title='bbox 1075 1945 1104 1978; x_wconf 78' lang='lat' dir='ltr'><strong>si</strong></span> <span class='ocrx_word' id='word_1_265' title='bbox 1120 1954 1276 1988; x_wconf 67' lang='lat' dir='ltr'><strong>quaenam</strong></span> <span class='ocrx_word' id='word_1_266' title='bbox 1293 1943 1400 1976; x_wconf 83' lang='lat' dir='ltr'><strong>fuerit</strong></span> <span class='ocrx_word' id='word_1_267' title='bbox 1416 1943 1508 1976; x_wconf 91' lang='lat' dir='ltr'><strong>illius</strong></span> <span class='ocrx_word' id='word_1_268' title='bbox 1525 1953 1645 1985; x_wconf 79' lang='lat' dir='ltr'><strong>causa,</strong></span> 
     </span>
     <span class='ocr_line' id='line_1_35' title="bbox 926 1995 1645 2035; baseline -0.004 -6"><span class='ocrx_word' id='word_1_269' title='bbox 926 1997 961 2029; x_wconf 90' lang='lat' dir='ltr'><strong>id</strong></span> <span class='ocrx_word' id='word_1_270' title='bbox 978 1997 1068 2030; x_wconf 86' lang='lat' dir='ltr'><strong>enim</strong></span> <span class='ocrx_word' id='word_1_271' title='bbox 1084 2006 1152 2030; x_wconf 90' lang='lat' dir='ltr'><strong>non</strong></span> <span class='ocrx_word' id='word_1_272' title='bbox 1169 2001 1289 2030; x_wconf 88' lang='lat' dir='ltr'><strong>notum</strong></span> <span class='ocrx_word' id='word_1_273' title='bbox 1304 1995 1476 2035; x_wconf 79' lang='lat' dir='ltr'><strong>omnibus,</strong></span> <span class='ocrx_word' id='word_1_274' title='bbox 1486 1995 1645 2028; x_wconf 87' lang='lat' dir='ltr'><strong>breviter</strong></span> 
     </span>
     <span class='ocr_line' id='line_1_36' title="bbox 928 2046 1644 2090; baseline -0.003 -10"><span class='ocrx_word' id='word_1_275' title='bbox 928 2048 1172 2090; x_wconf 83' lang='lat' dir='ltr'><strong>explicuerim.</strong></span> <span class='ocrx_word' id='word_1_276' title='bbox 1218 2048 1306 2080; x_wconf 81' lang='lat' dir='ltr'><strong>Erat</strong></span> <span class='ocrx_word' id='word_1_277' title='bbox 1321 2046 1483 2080; x_wconf 81' lang='lat' dir='ltr'><strong>Ciceroni</strong></span> <span class='ocrx_word' id='word_1_278' title='bbox 1494 2047 1644 2079; x_wconf 77' lang='lat' dir='ltr'><strong>maxima</strong></span> 
     </span>
     <span class='ocr_line' id='line_1_37' title="bbox 929 2097 1643 2141; baseline -0.001 -10"><span class='ocrx_word' id='word_1_279' title='bbox 929 2108 1007 2131; x_wconf 89' lang='lat' dir='ltr'><strong>cum</strong></span> <span class='ocrx_word' id='word_1_280' title='bbox 1030 2098 1075 2132; x_wconf 90' lang='lat' dir='ltr'><strong>P.</strong></span> <span class='ocrx_word' id='word_1_281' title='bbox 1103 2097 1226 2134; x_wconf 87' lang='lat' dir='ltr'><strong>Clodio</strong></span> <span class='ocrx_word' id='word_1_282' title='bbox 1250 2098 1422 2139; x_wconf 79' lang='lat' dir='ltr'><strong>amicitia;</strong></span> <span class='ocrx_word' id='word_1_283' title='bbox 1454 2103 1526 2130; x_wconf 89' lang='lat' dir='ltr'><strong>tum</strong></span> <span class='ocrx_word' id='word_1_284' title='bbox 1550 2097 1643 2141; x_wconf 85' lang='lat' dir='ltr'><strong>quod</strong></span> 
     </span>
     <span class='ocr_line' id='line_1_38' title="bbox 929 2149 1645 2192; baseline 0 -10"><span class='ocrx_word' id='word_1_285' title='bbox 929 2149 1104 2192; x_wconf 83' lang='lat' dir='ltr'><strong>egregiam</strong></span> <span class='ocrx_word' id='word_1_286' title='bbox 1120 2154 1244 2182; x_wconf 78' lang='lat' dir='ltr'><strong>contra</strong></span> <span class='ocrx_word' id='word_1_287' title='bbox 1259 2149 1419 2182; x_wconf 78' lang='lat' dir='ltr'><strong>Catilinae</strong></span> <span class='ocrx_word' id='word_1_288' title='bbox 1434 2149 1645 2191; x_wconf 82' lang='lat' dir='ltr'><strong>conjuratio·</strong></span> 
     </span>
    </p>
   </div>
   <div class='ocr_carea' id='block_1_11' title="bbox 160 2199 878 2857">
    <p class='ocr_par' dir='ltr' id='par_1_13' title="bbox 164 2199 526 2242">
     <span class='ocr_line' id='line_1_39' title="bbox 164 2199 526 2242; baseline 0.003 -11"><span class='ocrx_word' id='word_1_289' title='bbox 164 2200 310 2233; x_wconf 80' lang='lat' dir='ltr'><strong>diximus</strong></span> <span class='ocrx_word' id='word_1_290' title='bbox 324 2199 526 2242; x_wconf 74' lang='lat' dir='ltr'><strong>saepissime.</strong></span> 
     </span>
    </p>

    <p class='ocr_par' dir='ltr' id='par_1_14' title="bbox 161 2250 872 2336">
     <span class='ocr_line' id='line_1_40' title="bbox 206 2250 872 2287; baseline 0.005 -5"><span class='ocrx_word' id='word_1_291' title='bbox 206 2257 221 2287; x_wconf 54' lang='grc' dir='ltr'><em>ἡ</em></span> <span class='ocrx_word' id='word_1_292' title='bbox 246 2250 314 2283; x_wconf 84' lang='lat' dir='ltr'><strong>An.</strong></span> <span class='ocrx_word' id='word_1_293' title='bbox 326 2251 379 2284; x_wconf 89' lang='lat' dir='ltr'><strong>M.</strong></span> <span class='ocrx_word' id='word_1_294' title='bbox 395 2253 493 2284; x_wconf 76' lang='grc'><strong>3961.</strong></span> <span class='ocrx_word' id='word_1_295' title='bbox 509 2250 566 2285; x_wconf 88' lang='grc'><strong>01.</strong></span> <span class='ocrx_word' id='word_1_296' title='bbox 585 2253 660 2285; x_wconf 86' lang='grc'><strong>171.</strong></span> <span class='ocrx_word' id='word_1_297' title='bbox 675 2254 709 2285; x_wconf 84' lang='grc'><strong>4.</strong></span> <span class='ocrx_word' id='word_1_298' title='bbox 732 2251 820 2285; x_wconf 87' lang='lat' dir='ltr'><strong>Urb.</strong></span> <span class='ocrx_word' id='word_1_299' title='bbox 831 2251 872 2285; x_wconf 91' lang='lat' dir='ltr'><strong>C.</strong></span> 
     </span>
     <span class='ocr_line' id='line_1_41' title="bbox 161 2301 511 2336; baseline 0.003 -1"><span class='ocrx_word' id='word_1_300' title='bbox 161 2305 239 2335; x_wconf 88' lang='grc'><strong>660.</strong></span> <span class='ocrx_word' id='word_1_301' title='bbox 277 2301 363 2334; x_wconf 84' lang='lat' dir='ltr'><strong>Ant.</strong></span> <span class='ocrx_word' id='word_1_302' title='bbox 377 2302 442 2335; x_wconf 89' lang='lat' dir='ltr'><strong>Ch.</strong></span> <span class='ocrx_word' id='word_1_303' title='bbox 456 2305 511 2336; x_wconf 77' lang='lat'><strong>92.</strong></span> 
     </span>
    </p>

    <p class='ocr_par' dir='ltr' id='par_1_15' title="bbox 160 2353 878 2644">
     <span class='ocr_line' id='line_1_42' title="bbox 201 2353 874 2397; baseline 0.001 -11"><span class='ocrx_word' id='word_1_304' title='bbox 201 2353 213 2382; x_wconf 75' lang='lat'>1</span> <span class='ocrx_word' id='word_1_305' title='bbox 239 2354 279 2387; x_wconf 90' lang='lat' dir='ltr'><strong>C.</strong></span> <span class='ocrx_word' id='word_1_306' title='bbox 302 2354 457 2396; x_wconf 72' lang='lat' dir='ltr'><strong>Cornelii]</strong></span> <span class='ocrx_word' id='word_1_307' title='bbox 485 2353 553 2388; x_wconf 84' lang='lat' dir='ltr'><strong>Qui</strong></span> <span class='ocrx_word' id='word_1_308' title='bbox 568 2353 738 2388; x_wconf 73' lang='lat' dir='ltr'><strong>Tribunus</strong></span> <span class='ocrx_word' id='word_1_309' title='bbox 761 2354 874 2397; x_wconf 84' lang='lat' dir='ltr'><strong>plebis</strong></span> 
     </span>
     <span class='ocr_line' id='line_1_43' title="bbox 160 2406 878 2450; baseline 0.001 -12"><span class='ocrx_word' id='word_1_310' title='bbox 160 2407 275 2449; x_wconf 86' lang='lat' dir='ltr'><strong>legem</strong></span> <span class='ocrx_word' id='word_1_311' title='bbox 291 2406 383 2447; x_wconf 88' lang='lat' dir='ltr'><strong>tulit,</strong></span> <span class='ocrx_word' id='word_1_312' title='bbox 407 2415 452 2438; x_wconf 89' lang='lat' dir='ltr'><strong>ne</strong></span> <span class='ocrx_word' id='word_1_313' title='bbox 478 2406 554 2449; x_wconf 87' lang='lat' dir='ltr'><strong>quis</strong></span> <span class='ocrx_word' id='word_1_314' title='bbox 568 2406 635 2439; x_wconf 85' lang='lat' dir='ltr'><strong>nisi</strong></span> <span class='ocrx_word' id='word_1_315' title='bbox 650 2415 671 2439; x_wconf 77' lang='lat' dir='ltr'><strong>a</strong></span> <span class='ocrx_word' id='word_1_316' title='bbox 685 2406 815 2450; x_wconf 84' lang='lat' dir='ltr'><strong>populo</strong></span> <span class='ocrx_word' id='word_1_317' title='bbox 830 2406 878 2439; x_wconf 89' lang='lat' dir='ltr'><strong>le-</strong></span> 
     </span>
     <span class='ocr_line' id='line_1_44' title="bbox 165 2457 877 2501; baseline 0 -11"><span class='ocrx_word' id='word_1_318' title='bbox 165 2457 263 2500; x_wconf 79' lang='lat' dir='ltr'><strong>gibus</strong></span> <span class='ocrx_word' id='word_1_319' title='bbox 278 2458 493 2491; x_wconf 78' lang='lat' dir='ltr'><strong>solveretur:</strong></span> <span class='ocrx_word' id='word_1_320' title='bbox 511 2467 618 2501; x_wconf 77' lang='lat' dir='ltr'><strong>quare</strong></span> <span class='ocrx_word' id='word_1_321' title='bbox 631 2457 765 2491; x_wconf 73' lang='lat' dir='ltr'><strong>dnobus</strong></span> <span class='ocrx_word' id='word_1_322' title='bbox 779 2458 877 2491; x_wconf 72' lang='lat' dir='ltr'><strong>annia</strong></span> 
     </span>
     <span class='ocr_line' id='line_1_45' title="bbox 164 2507 873 2552; baseline 0.001 -11"><span class='ocrx_word' id='word_1_323' title='bbox 164 2513 245 2551; x_wconf 79' lang='lat' dir='ltr'><strong>post</strong></span> <span class='ocrx_word' id='word_1_324' title='bbox 258 2519 278 2542; x_wconf 76' lang='lat' dir='ltr'><strong>a</strong></span> <span class='ocrx_word' id='word_1_325' title='bbox 294 2508 458 2542; x_wconf 79' lang='lat' dir='ltr'><strong>Cominiis</strong></span> <span class='ocrx_word' id='word_1_326' title='bbox 473 2507 638 2542; x_wconf 74' lang='lat' dir='ltr'><strong>fratribus</strong></span> <span class='ocrx_word' id='word_1_327' title='bbox 653 2519 732 2542; x_wconf 71' lang='lat' dir='ltr'><strong>reus</strong></span> <span class='ocrx_word' id='word_1_328' title='bbox 755 2509 873 2552; x_wconf 73' lang='lat' dir='ltr'><strong>majes-</strong></span> 
     </span>
     <span class='ocr_line' id='line_1_46' title="bbox 163 2560 871 2605; baseline 0.004 -13"><span class='ocrx_word' id='word_1_329' title='bbox 163 2561 246 2594; x_wconf 77' lang='lat' dir='ltr'><strong>tatis</strong></span> <span class='ocrx_word' id='word_1_330' title='bbox 257 2560 370 2595; x_wconf 77' lang='lat' dir='ltr'><strong>factus</strong></span> <span class='ocrx_word' id='word_1_331' title='bbox 385 2566 440 2595; x_wconf 86' lang='lat' dir='ltr'><strong>est</strong></span> <span class='ocrx_word' id='word_1_332' title='bbox 449 2563 542 2605; x_wconf 81' lang='lat' dir='ltr'><strong>apud</strong></span> <span class='ocrx_word' id='word_1_333' title='bbox 554 2563 599 2597; x_wconf 84' lang='lat' dir='ltr'><strong>Q.</strong></span> <span class='ocrx_word' id='word_1_334' title='bbox 623 2562 763 2596; x_wconf 81' lang='lat' dir='ltr'><strong>Gallum</strong></span> <span class='ocrx_word' id='word_1_335' title='bbox 773 2562 871 2596; x_wconf 78' lang='lat' dir='ltr'><strong>Prae-</strong></span> 
     </span>
     <span class='ocr_line' id='line_1_47' title="bbox 163 2615 288 2644; baseline 0 -1"><span class='ocrx_word' id='word_1_336' title='bbox 163 2615 288 2644; x_wconf 84' lang='lat' dir='ltr'><strong>torem.</strong></span> 
     </span>
    </p>

    <p class='ocr_par' dir='ltr' id='par_1_16' title="bbox 165 2662 871 2748">
     <span class='ocr_line' id='line_1_48' title="bbox 209 2662 871 2701; baseline 0.005 -7"><span class='ocrx_word' id='word_1_337' title='bbox 209 2666 224 2701; x_wconf 70' lang='lat' dir='ltr'><strong>t</strong></span> <span class='ocrx_word' id='word_1_338' title='bbox 250 2662 318 2695; x_wconf 85' lang='lat' dir='ltr'><strong>An.</strong></span> <span class='ocrx_word' id='word_1_339' title='bbox 342 2663 395 2695; x_wconf 89' lang='lat' dir='ltr'><strong>M.</strong></span> <span class='ocrx_word' id='word_1_340' title='bbox 421 2666 521 2698; x_wconf 77' lang='lat'><strong>8989.</strong></span> <span class='ocrx_word' id='word_1_341' title='bbox 539 2664 600 2698; x_wconf 83' lang='lat' dir='ltr'><strong>Ol.</strong></span> <span class='ocrx_word' id='word_1_342' title='bbox 624 2666 697 2698; x_wconf 81' lang='lat'><strong>1⁷8.</strong></span> <span class='ocrx_word' id='word_1_343' title='bbox 712 2667 746 2697; x_wconf 74' lang='lat'><strong>4.</strong></span> <span class='ocrx_word' id='word_1_344' title='bbox 783 2663 871 2697; x_wconf 82' lang='lat' dir='ltr'><strong>Urb.</strong></span> 
     </span>
     <span class='ocr_line' id='line_1_49' title="bbox 165 2712 572 2748; baseline 0.012 -4"><span class='ocrx_word' id='word_1_345' title='bbox 165 2712 205 2744; x_wconf 91' lang='lat' dir='ltr'><strong>C.</strong></span> <span class='ocrx_word' id='word_1_346' title='bbox 219 2715 297 2746; x_wconf 86' lang='grc'><strong>688.</strong></span> <span class='ocrx_word' id='word_1_347' title='bbox 336 2712 421 2746; x_wconf 82' lang='lat' dir='ltr'><strong>Aut.</strong></span> <span class='ocrx_word' id='word_1_348' title='bbox 436 2715 500 2748; x_wconf 87' lang='lat' dir='ltr'><strong>Ch.</strong></span> <span class='ocrx_word' id='word_1_349' title='bbox 515 2717 572 2748; x_wconf 79' lang='grc'><strong>64.</strong></span> 
     </span>
    </p>

    <p class='ocr_par' dir='ltr' id='par_1_17' title="bbox 167 2762 875 2857">
     <span class='ocr_line' id='line_1_50' title="bbox 208 2762 874 2808; baseline 0.008 -14"><span class='ocrx_word' id='word_1_350' title='bbox 208 2762 223 2784; x_wconf 77' lang='lat'><strong>¹</strong></span> <span class='ocrx_word' id='word_1_351' title='bbox 245 2763 285 2795; x_wconf 87' lang='lat' dir='ltr'><strong>P.</strong></span> <span class='ocrx_word' id='word_1_352' title='bbox 303 2763 449 2796; x_wconf 79' lang='lat' dir='ltr'><strong>Clodium</strong></span> <span class='ocrx_word' id='word_1_353' title='bbox 472 2765 582 2797; x_wconf 84' lang='lat' dir='ltr'><strong>Romoe</strong></span> <span class='ocrx_word' id='word_1_354' title='bbox 606 2767 689 2808; x_wconf 76' lang='lat' dir='ltr'><strong>apud</strong></span> <span class='ocrx_word' id='word_1_355' title='bbox 713 2765 762 2808; x_wconf 73' lang='lat' dir='ltr'><strong>se]</strong></span> <span class='ocrx_word' id='word_1_356' title='bbox 787 2765 874 2799; x_wconf 87' lang='lat' dir='ltr'><strong>Cum</strong></span> 
     </span>
     <span class='ocr_line' id='line_1_51' title="bbox 167 2813 875 2857; baseline 0.007 -12"><span class='ocrx_word' id='word_1_357' title='bbox 167 2813 282 2846; x_wconf 83' lang='lat' dir='ltr'><strong>multis</strong></span> <span class='ocrx_word' id='word_1_358' title='bbox 308 2814 478 2857; x_wconf 81' lang='lat' dir='ltr'><strong>variisque</strong></span> <span class='ocrx_word' id='word_1_359' title='bbox 515 2815 651 2849; x_wconf 70' lang='lat' dir='ltr'><strong>casibus</strong></span> <span class='ocrx_word' id='word_1_360' title='bbox 690 2817 875 2850; x_wconf 75' lang='lat' dir='ltr'><strong>nobilitata</strong></span> 
     </span>
    </p>
   </div>
   <div class='ocr_carea' id='block_1_12' title="bbox 927 2200 1653 2861">
    <p class='ocr_par' dir='ltr' id='par_1_18' title="bbox 927 2200 1653 2861">
     <span class='ocr_line' id='line_1_52' title="bbox 929 2200 1645 2244; baseline -0.001 -11"><span class='ocrx_word' id='word_1_361' title='bbox 929 2210 1008 2233; x_wconf 86' lang='lat' dir='ltr'><strong>nem</strong></span> <span class='ocrx_word' id='word_1_362' title='bbox 1043 2205 1208 2233; x_wconf 83' lang='lat' dir='ltr'><strong>navasset</strong></span> <span class='ocrx_word' id='word_1_363' title='bbox 1245 2210 1402 2242; x_wconf 79' lang='lat' dir='ltr'><strong>operam,</strong></span> <span class='ocrx_word' id='word_1_364' title='bbox 1439 2205 1512 2233; x_wconf 89' lang='lat' dir='ltr'><strong>tum</strong></span> <span class='ocrx_word' id='word_1_365' title='bbox 1551 2200 1645 2244; x_wconf 85' lang='lat' dir='ltr'><strong>qnod</strong></span> 
     </span>
     <span class='ocr_line' id='line_1_53' title="bbox 931 2250 1647 2294; baseline -0.001 -10"><span class='ocrx_word' id='word_1_366' title='bbox 931 2251 1055 2284; x_wconf 84' lang='lat' dir='ltr'><strong>Cicero</strong></span> <span class='ocrx_word' id='word_1_367' title='bbox 1076 2251 1170 2284; x_wconf 82' lang='lat' dir='ltr'><strong>illius</strong></span> <span class='ocrx_word' id='word_1_368' title='bbox 1197 2251 1324 2285; x_wconf 79' lang='lat' dir='ltr'><strong>sororis</strong></span> <span class='ocrx_word' id='word_1_369' title='bbox 1348 2250 1480 2284; x_wconf 88' lang='lat' dir='ltr'><strong>Clodiae</strong></span> <span class='ocrx_word' id='word_1_370' title='bbox 1503 2251 1647 2294; x_wconf 85' lang='lat' dir='ltr'><strong>ingenio</strong></span> 
     </span>
     <span class='ocr_line' id='line_1_54' title="bbox 931 2302 1642 2337; baseline 0.001 -1"><span class='ocrx_word' id='word_1_371' title='bbox 931 2308 969 2337; x_wconf 87' lang='lat' dir='ltr'><strong>et</strong></span> <span class='ocrx_word' id='word_1_372' title='bbox 1005 2302 1158 2337; x_wconf 71' lang='lat' dir='ltr'><strong>moribus</strong></span> <span class='ocrx_word' id='word_1_373' title='bbox 1198 2304 1344 2336; x_wconf 87' lang='lat' dir='ltr'><strong>multum</strong></span> <span class='ocrx_word' id='word_1_374' title='bbox 1387 2303 1642 2337; x_wconf 79' lang='lat' dir='ltr'><strong>delectaretur:</strong></span> 
     </span>
     <span class='ocr_line' id='line_1_55' title="bbox 930 2354 1646 2397; baseline -0.001 -10"><span class='ocrx_word' id='word_1_375' title='bbox 930 2354 1021 2388; x_wconf 81' lang='lat' dir='ltr'><strong>haud</strong></span> <span class='ocrx_word' id='word_1_376' title='bbox 1046 2355 1156 2388; x_wconf 89' lang='lat' dir='ltr'><strong>multo</strong></span> <span class='ocrx_word' id='word_1_377' title='bbox 1181 2360 1262 2397; x_wconf 83' lang='lat' dir='ltr'><strong>post</strong></span> <span class='ocrx_word' id='word_1_378' title='bbox 1285 2354 1464 2388; x_wconf 80' lang='lat' dir='ltr'><strong>Ciceronis</strong></span> <span class='ocrx_word' id='word_1_379' title='bbox 1481 2355 1646 2387; x_wconf 80' lang='lat' dir='ltr'><strong>Consula-</strong></span> 
     </span>
     <span class='ocr_line' id='line_1_56' title="bbox 931 2405 1646 2439; baseline -0.003 -1"><span class='ocrx_word' id='word_1_380' title='bbox 931 2409 1004 2439; x_wconf 88' lang='lat' dir='ltr'><strong>tum</strong></span> <span class='ocrx_word' id='word_1_381' title='bbox 1021 2405 1056 2438; x_wconf 88' lang='lat' dir='ltr'><strong>in</strong></span> <span class='ocrx_word' id='word_1_382' title='bbox 1080 2405 1187 2438; x_wconf 78' lang='lat' dir='ltr'><strong>sacris</strong></span> <span class='ocrx_word' id='word_1_383' title='bbox 1211 2406 1319 2439; x_wconf 81' lang='lat' dir='ltr'><strong>Bonae</strong></span> <span class='ocrx_word' id='word_1_384' title='bbox 1343 2406 1430 2438; x_wconf 79' lang='lat' dir='ltr'><strong>Deae</strong></span> <span class='ocrx_word' id='word_1_385' title='bbox 1448 2415 1526 2438; x_wconf 92' lang='lat' dir='ltr'><strong>cum</strong></span> <span class='ocrx_word' id='word_1_386' title='bbox 1548 2409 1646 2437; x_wconf 83' lang='lat' dir='ltr'><strong>veste</strong></span> 
     </span>
     <span class='ocr_line' id='line_1_57' title="bbox 930 2456 1652 2498; baseline -0.003 -7"><span class='ocrx_word' id='word_1_387' title='bbox 930 2457 1090 2491; x_wconf 84' lang='lat' dir='ltr'><strong>muliebri</strong></span> <span class='ocrx_word' id='word_1_388' title='bbox 1102 2457 1246 2491; x_wconf 80' lang='lat' dir='ltr'><strong>Clodius</strong></span> <span class='ocrx_word' id='word_1_389' title='bbox 1259 2457 1354 2490; x_wconf 90' lang='lat' dir='ltr'><strong>domi</strong></span> <span class='ocrx_word' id='word_1_390' title='bbox 1366 2457 1513 2490; x_wconf 65' lang='lat' dir='ltr'><strong>Caesaris</strong></span> <span class='ocrx_word' id='word_1_391' title='bbox 1527 2456 1652 2498; x_wconf 80' lang='lat' dir='ltr'><strong>‹lepre-</strong></span> 
     </span>
     <span class='ocr_line' id='line_1_58' title="bbox 927 2507 1652 2550; baseline -0.001 -10"><span class='ocrx_word' id='word_1_392' title='bbox 927 2507 1111 2550; x_wconf 75' lang='lat' dir='ltr'><strong>henditur3</strong></span> <span class='ocrx_word' id='word_1_393' title='bbox 1150 2509 1241 2542; x_wconf 67' lang='lat' dir='ltr'><strong>illius</strong></span> <span class='ocrx_word' id='word_1_394' title='bbox 1271 2518 1397 2541; x_wconf 76' lang='lat' dir='ltr'><strong>nomen</strong></span> <span class='ocrx_word' id='word_1_395' title='bbox 1436 2509 1603 2541; x_wconf 85' lang='lat' dir='ltr'><strong>continuo</strong></span> <span class='ocrx_word' id='word_1_396' title='bbox 1631 2517 1652 2540; x_wconf 82' lang='lat' dir='ltr'><strong>a</strong></span> 
     </span>
     <span class='ocr_line' id='line_1_59' title="bbox 928 2559 1653 2601; baseline -0.006 -6"><span class='ocrx_word' id='word_1_397' title='bbox 928 2561 1066 2595; x_wconf 77' lang='lat' dir='ltr'><strong>Caesure</strong></span> <span class='ocrx_word' id='word_1_398' title='bbox 1081 2560 1239 2594; x_wconf 83' lang='lat' dir='ltr'><strong>defertur</strong></span> <span class='ocrx_word' id='word_1_399' title='bbox 1250 2560 1292 2593; x_wconf 83' lang='lat' dir='ltr'><strong>ad</strong></span> <span class='ocrx_word' id='word_1_400' title='bbox 1309 2560 1467 2594; x_wconf 83' lang='lat' dir='ltr'><strong>Judices.</strong></span> <span class='ocrx_word' id='word_1_401' title='bbox 1494 2559 1653 2601; x_wconf 78' lang='lat' dir='ltr'><strong>Respon-</strong></span> 
     </span>
     <span class='ocr_line' id='line_1_60' title="bbox 927 2609 1652 2652; baseline -0.001 -8"><span class='ocrx_word' id='word_1_402' title='bbox 927 2611 988 2645; x_wconf 88' lang='lat' dir='ltr'><strong>det</strong></span> <span class='ocrx_word' id='word_1_403' title='bbox 1005 2611 1146 2645; x_wconf 75' lang='lat' dir='ltr'><strong>Clodius</strong></span> <span class='ocrx_word' id='word_1_404' title='bbox 1162 2621 1202 2644; x_wconf 73' lang='lat' dir='ltr'><strong>se</strong></span> <span class='ocrx_word' id='word_1_405' title='bbox 1215 2620 1258 2643; x_wconf 87' lang='lat' dir='ltr'><strong>ne</strong></span> <span class='ocrx_word' id='word_1_406' title='bbox 1282 2611 1403 2644; x_wconf 84' lang='lat' dir='ltr'><strong>Romae</strong></span> <span class='ocrx_word' id='word_1_407' title='bbox 1431 2609 1569 2652; x_wconf 80' lang='lat' dir='ltr'><strong>quidem</strong></span> <span class='ocrx_word' id='word_1_408' title='bbox 1587 2609 1652 2643; x_wconf 88' lang='lat' dir='ltr'><strong>hoc</strong></span> 
     </span>
     <span class='ocr_line' id='line_1_61' title="bbox 929 2661 1651 2705; baseline -0.001 -10"><span class='ocrx_word' id='word_1_409' title='bbox 929 2662 987 2695; x_wconf 91' lang='lat' dir='ltr'><strong>die</strong></span> <span class='ocrx_word' id='word_1_410' title='bbox 1014 2661 1147 2695; x_wconf 80' lang='lat' dir='ltr'><strong>fuisse:</strong></span> <span class='ocrx_word' id='word_1_411' title='bbox 1174 2667 1248 2694; x_wconf 91' lang='lat' dir='ltr'><strong>tum</strong></span> <span class='ocrx_word' id='word_1_412' title='bbox 1265 2661 1445 2695; x_wconf 83' lang='lat' dir='ltr'><strong>Ciceronis</strong></span> <span class='ocrx_word' id='word_1_413' title='bbox 1475 2671 1562 2705; x_wconf 77' lang='lat' dir='ltr'><strong>uxor</strong></span> <span class='ocrx_word' id='word_1_414' title='bbox 1585 2662 1651 2694; x_wconf 82' lang='lat' dir='ltr'><strong>Te—</strong></span> 
     </span>
     <span class='ocr_line' id='line_1_62' title="bbox 927 2713 1652 2756; baseline -0.003 -9"><span class='ocrx_word' id='word_1_415' title='bbox 927 2714 1056 2756; x_wconf 83' lang='lat' dir='ltr'><strong>rentia,</strong></span> <span class='ocrx_word' id='word_1_416' title='bbox 1081 2724 1160 2748; x_wconf 88' lang='lat' dir='ltr'><strong>cum</strong></span> <span class='ocrx_word' id='word_1_417' title='bbox 1189 2714 1330 2747; x_wconf 83' lang='lat' dir='ltr'><strong>timeret</strong></span> <span class='ocrx_word' id='word_1_418' title='bbox 1353 2713 1588 2751; x_wconf 79' lang='lat' dir='ltr'><strong>veliementer,</strong></span> <span class='ocrx_word' id='word_1_419' title='bbox 1609 2722 1652 2746; x_wconf 91' lang='lat' dir='ltr'><strong>ne</strong></span> 
     </span>
     <span class='ocr_line' id='line_1_63' title="bbox 929 2764 1644 2808; baseline 0 -10"><span class='ocrx_word' id='word_1_420' title='bbox 929 2775 967 2798; x_wconf 83' lang='lat' dir='ltr'><strong>se</strong></span> <span class='ocrx_word' id='word_1_421' title='bbox 983 2765 1167 2808; x_wconf 81' lang='lat' dir='ltr'><strong>repudiata</strong></span> <span class='ocrx_word' id='word_1_422' title='bbox 1183 2764 1342 2798; x_wconf 82' lang='lat' dir='ltr'><strong>Clodiam</strong></span> <span class='ocrx_word' id='word_1_423' title='bbox 1355 2765 1481 2798; x_wconf 82' lang='lat' dir='ltr'><strong>Cicero</strong></span> <span class='ocrx_word' id='word_1_424' title='bbox 1496 2764 1644 2798; x_wconf 85' lang='lat' dir='ltr'><strong>duceret</strong></span> 
     </span>
     <span class='ocr_line' id='line_1_64' title="bbox 930 2816 1647 2861; baseline -0.003 -11"><span class='ocrx_word' id='word_1_425' title='bbox 930 2826 1085 2861; x_wconf 86' lang='lat' dir='ltr'><strong>uxorem,</strong></span> <span class='ocrx_word' id='word_1_426' title='bbox 1108 2816 1268 2850; x_wconf 79' lang='lat' dir='ltr'><strong>maritum</strong></span> <span class='ocrx_word' id='word_1_427' title='bbox 1291 2816 1462 2857; x_wconf 77' lang='lat' dir='ltr'><strong>hortatur,</strong></span> <span class='ocrx_word' id='word_1_428' title='bbox 1488 2821 1526 2853; x_wconf 82' lang='lat' dir='ltr'><strong>ut</strong></span> <span class='ocrx_word' id='word_1_429' title='bbox 1561 2825 1647 2856; x_wconf 82' lang='lat' dir='ltr'><strong>rem,</strong></span> 
     </span>
    </p>
   </div>
  </div>
 </body>
</html>
