1878 3132
278 178 365 223 822
682 191 893 227 VALERn
926 173 1122 228 MAxnin
1156 196 1252 228 ms.
1284 186 1365 229 ix.

336 287 379 330 2.
398 286 523 331 Huic
536 288 744 332 nimirum
763 291 908 346 magis
921 293 1122 348 AEsopus
1137 292 1388 348 tragoedus⁶
1401 293 1446 336 in
1463 293 1746 350 adoptionem

279 355 386 398 dare
407 356 549 399 filium
571 371 715 414 suum,
743 360 884 416 'quam
913 362 1133 405 bonorum
1166 375 1346 405 suorum
1374 363 1594 406 haeredem
1613 363 1749 406 relin-

213 450 218 454 ·
277 438 416 479 quere
437 426 607 478 debuit,
626 441 714 471 non
733 429 885 471 solum
905 429 1109 485 perditae,
1130 430 1210 472 sed
1230 431 1369 474 etiam
1398 431 1586 474 furiosae
1615 430 1749 473 luxu-

276 494 356 537 riae
373 494 598 549 Juvenem.
659 496 805 549 Quem
823 500 826 503 ’
841 502 1017 542 constat
1046 502 1180 542 cantu
1215 494 1625 544 commendabiles⁸
1653 498 1750 542 avi-

277 563 404 605 culas
442 563 711 607 immanibus
754 570 896 609 emtas
930 568 1102 622 pretiis,
1138 582 1220 623 pro
1258 570 1497 612 ficedulis⁷
1547 580 1748 625 ponere;

275 636 495 688 acetoque
540 633 740 688 liquatos
756 633 773 658 ¹¹
822 649 994 691 magnae
1026 645 1212 680 summae
1257 639 1443 681 uniones
1483 636 1747 694 potionibus

275 714 511 757 aspergere
546 703 756 757 solitum;
803 705 1133 760 amplissimum
1164 702 1497 761 patrimonium,
1533 710 1749 761 tanquam

275 768 470 813 amaram
490 771 686 827 aliquam
707 774 948 825 sarcinam,
979 788 1111 830 quam
1141 775 1370 818 celerrime
1403 775 1598 831 abjicere
1619 772 1749 828 cupi-

276 843 434 881 entem.
495 839 697 892 Qumum
734 843 918 885 alterius
939 843 1078 894 senis,
1113 844 1301 886 alterius
1330 843 1630 887 adolescentis
1650 854 1748 885 sec-

275 906 367 949 tam
390 906 530 951 secuti
543 909 559 934 ⁸
579 910 755 964 longius
775 924 933 954 manus
950 913 1273 967 porrexerunt.b
1303 912 1601 967 Neque'enim
1610 910 1746 967 ullum

273 975 425 1018 finitur
454 977 613 1020 vitium
646 979 728 1028 ibi,
766 980 844 1022 ubi
878 980 1030 1022 oritur.
1090 979 1203 1023 Inde
1237 982 1295 1023 ab
1327 980 1497 1024 Oceani
1521 979 1748 1023 littoribus

275 1046 454 1089 attracti
482 1047 656 1102 pisces:
697 1048 802 1090 inde
833 1049 997 1092 infusae
1023 1049 1183 1092 culinis
1205 1047 1370 1092 arcae:i
1415 1048 1750 1104 censibusque⁹

275 1113 437 1157 edendi
458 1120 593 1171 atque
611 1117 793 1160 bibendi
813 1118 1021 1174 voluptas
1036 1122 1213 1174 reperta
1232 1123 1334 1161 ests
1450 1164 1458 1169 ⁴
1659 1126 1661 1129 '

330 1184 374 1226 3.
407 1183 523 1227 Urbi
545 1190 694 1228 autem
713 1191 879 1231 nostrae
902 1189 1090 1231 secundi
1110 1189 1219 1231 belli
1253 1187 1418 1230 Punici
1436 1186 1555 1238 finis,
1575 1188 1622 1230 et
1641 1185 1749 1228 Phi·

273 1251 428 1308 lippus
448 1267 531 1297 rex
551 1255 850 1308 ,Macedoniae
881 1257 1107 1309 devictuS‚
1140 1258 1382 1300 licentioris
1409 1257 1516 1300 vitae
1536 1255 1749 1298 fiduciam

318 1381 332 1402 ⁶
348 1384 404 1416 Ex
419 1385 638 1418 remotioribus
651 1386 831 1427 regionibus
846 1387 930 1420 cibos
940 1388 982 1420 ad
994 1387 1122 1420 delicias
1136 1397 1209 1420 suas
1221 1386 1518 1429 afferrijusserunt.

891 1486 1129 1499 mmmm

275 1548 355 1580 Duo
371 1547 472 1581 codd.
488 1549 634 1583 Torren.
658 1551 712 1592 qui
733 1555 941 1594 ρωποι-6
964 1551 1088 1585 Atreb.
1112 1551 1250 1585 Gembl.
1266 1555 1303 1584 et
1316 1551 1399 1584 Vet.
1416 1551 1636 1592 tragicam—⁷
1659 1549 1751 1583 md.

272 1596 355 1624 ante
370 1593 516 1625 Torren.
532 1594 566 1625 in
574 1604 658 1626 coena
673 1605 730 1636 pro
736 1595 887 1638 ficedulis
897 1607 910 1634 ;
933 1596 994 1628 sed
1011 1596 1119 1628 verba
1135 1596 1169 1628 in
1183 1605 1270 1627 coena
1283 1595 1408 1627 desunt
1421 1595 1455 1626 in
1469 1593 1572 1627 codd.
1588 1593 1748 1626 undecim

274 1645 352 1668 cum
380 1637 474 1678 Mog.
497 1638 610 1669 Paulo
632 1643 710 1679 post
736 1639 873 1681 liquatos
896 1640 930 1671 in
947 1649 1007 1671 sex
1033 1639 1203 1671 codd—8
1230 1638 1369 1680 Pighius
1384 1647 1429 1670 ex
1451 1638 1524 1670 solo
1539 1637 1618 1670 Sus.
1632 1639 1750 1669 sectam

272 1679 372 1711 secuti
396 1680 530 1721 plurimi
541 1691 553 1719 ;
576 1681 637 1713 sed
658 1682 788 1723 plurimi
813 1693 880 1715 non
896 1688 1087 1719 agnoscunt
1103 1682 1162 1714 alii
1186 1681 1287 1715 codd.
1304 1691 1368 1713 nec
1383 1681 1455 1714 ulla
1470 1681 1525 1714 cd.
1541 1685 1623 1713 ante
1646 1679 1750 1721 Pign.

273 1722 320 1754 ibi
334 1721 409 1755 fere
425 1733 542 1756 omnes
558 1725 732 1758 retinent:
758 1727 874 1759 malum
895 1726 940 1758 ibi
951 1726 1073 1769 finitur
1092 1725 1188 1758 Leid.
1204 1728 1305 1758 6.—-9
1327 1725 1384 1758 lta
1399 1725 1500 1758 codd.
1514 1729 1550 1756 et
1565 1724 1645 1756 edd.
1662 1728 1749 1756 vett.

273 1766 419 1808 Pighius
448 1778 530 1800 vero
569 1779 613 1800 ex
647 1770 719 1802 solo
744 1770 882 1802 Wiuck.
914 1771 1016 1812 legit:
1055 1770 1171 1802 culinis
1199 1773 1324 1801 ostreoe.
1347 1768 1428 1801 Arte
1454 1767 1666 1809 censibusque,
1693 1768 1748 1808 ξε.

271 1810 469 1843 ‘Klokkius
499 1812 662 1854 legebat:
685 1813 798 1845 culinis
826 1823 924 1854 arcos,
952 1815 1026 1846 inde
1053 1813 1195 1846 censibus
1223 1812 1359 1850 edendi;
1381 1812 1452 1853 vel,
1475 1811 1589 1844 culinis
1611 1809 1753 1842 censibus

273 1864 367 1896 arcoe,
384 1855 457 1887 inde
469 1856 602 1888 edendi.-
626 1856 660 1887 in
675 1857 757 1889 Bas.
768 1861 841 1889 est:
866 1857 981 1889 culinis
990 1857 1085 1889 arche
1099 1856 1240 1889 censibus
1250 1855 1384 1894 edendi3
1407 1855 1498 1887 inter
1514 1855 1601 1886 Exc.
1616 1853 1751 1886 Donac-

273 1897 348 1930 liaec
374 1903 498 1931 notata
523 1899 682 1932 invenio:
708 1904 717 1918 ‘
731 1900 825 1942 Lips.
850 1900 969 1940 Insusae
991 1901 1103 1933 culinis
1125 1904 1210 1932 artes
1231 1909 1313 1932 cens.
1341 1903 1378 1930 at
1393 1898 1512 1931 Chart.
1526 1897 1641 1930 malinis
1654 1906 1750 1930 arcoe.

273 1941 354 1974 Seu.
380 1943 492 1984 Epist.
517 1945 571 1976 81.
598 1943 690 1976 Plin.
709 1953 821 1976 xxm.
840 1946 870 1975 l.
887 1945 967 1976 Seu.
985 1945 1052 1986 Ep.
1068 1946 1146 1976 115.
1162 1943 1269 1974 Mart.
1284 1952 1321 1975 v·
1335 1945 1391 1974 71.
1435 1942 1599 1974 Ceterum
1622 1940 1750 1982 Pigno-

274 1987 403 2018 rius-ex
420 1987 489 2018 suis
505 1986 600 2019 libris
617 1986 763 2028 praefert
777 1998 786 2020 ι
809 1987 923 2019 culinis
937 1991 1033 2020 artes.
1051 1997 1086 2028 p.
1109 1989 1164 2020 44.
1181 1987 1247 2018 Ed.
1265 1986 1346 2018 Pat.
1361 1985 1405 2017 de
1419 1983 1508 2017 Ser.’
1552 1983 1750 2017 Gronovius

274 2033 392 2061 tuetur
405 2041 413 2061 ι
431 2031 542 2062 culinis
555 2040 650 2070 arcoe‚
662 2031 783 2063 iisdem
798 2030 871 2063 fere
883 2031 964 2063 locis
979 2031 1130 2074 prolatis,
1143 2040 1219 2073 quae
1233 2031 1267 2061 in
1280 2029 1366 2062 Exc.
1375 2029 1509 2061 Douac.
1522 2026 1632 2061 Codd.
1643 2027 1753 2059 nostri

274 2070 347 2104 fere
364 2074 506 2114 habent,
522 2084 618 2115 arcoe,
633 2075 739 2115 arche,
754 2085 838 2107 aree.
877 2074 976 2107 Unus
993 2074 1121 2115 Ultraj.
1147 2074 1250 2115 prim.
1273 2076 1372 2104 artes.
1419 2073 1544 2104 Ostreae
1570 2070 1686 2103 nescio
1707 2079 1752 2102 an

273 2125 416 2158 usquam
442 2122 553 2150 extet.
598 2117 705 2150 Arche
736 2119 832 2160 Mog.
854 2118 966 2151 Recte
994 2117 1165 2160 explicuit
1194 2117 1383 2157 Oliverius,
1413 2118 1602 2148 consumtae
1631 2117 1669 2146 et
1692 2122 1753 2145 ex-

941 2215 1086 2249 NOTAE

276 2301 330 2323 am
354 2291 486 2324 Seneca
501 2290 634 2323 indicat
652 2302 660 2323 :
684 2292 694 2310 ⁴
709 2291 819 2325 Alunt
844 2293 878 2325 in
896 2303 985 2325 sum·
1041 2303 1084 2326 ex
1115 2301 1196 2325 aure
1225 2291 1394 2333 Metellae,
1415 2290 1559 2324 Scilicet
1581 2293 1620 2322 ut
1635 2289 1753 2323 decies

275 2344 339 2375 mis
367 2342 574 2375 culminibus
601 2343 749 2375 mentita
775 2353 927 2386 nemora,
950 2348 988 2377 et
1040 2344 1187 2377 solidum
1210 2343 1368 2375 sorberet
1388 2346 1504 2382 aceto,
1521 2340 1637 2373 Diluit
1649 2340 1753 2383 insig-

275 2394 520 2436 navigabilium
534 2394 745 2435 piscinarum
764 2393 878 2427 freta-⁵
1042 2406 1119 2428 nem
1135 2394 1299 2427 baccam!
1334 2392 1510 2426 Conviviis
1522 2391 1666 2433 singulis
1682 2391 1756 2424 uni-

321 2446 340 2464 *
356 2445 423 2478 An.
437 2446 488 2478 M.
503 2448 600 2477 3958.
625 2445 683 2478 01.
698 2447 775 2478 171.
788 2448 820 2477 l.
846 2446 932 2478 Urb.
947 2447 987 2480 C.
1043 2456 1127 2479 ones
1142 2445 1331 2478 sorbendos
1344 2444 1484 2476 dedisse
1501 2442 1607 2476 tradit
1618 2441 1754 2475 Plinius

276 2501 354 2531 657.
379 2497 463 2530 Ant.
481 2497 543 2530 Ch.
557 2501 614 2530 95.
1043 2497 1106 2530 lib.
1122 2507 1177 2529 1x.
1200 2506 1231 2529 c.
1249 2499 1304 2528 33.
1468 2520 1471 2522 >

302 2555 337 2578 ‘s
361 2550 466 2581 Cantu
488 2547 757 2590 commendabiles]
788 2547 832 2580 Id
862 2547 988 2590 AEsopo
1097 2547 1237 2588 ¹Infusoe
1247 2546 1362 2578 culinis
1376 2555 1462 2577 arcoe
1471 2542 1615 2587 [ostreoe]
1637 2542 1754 2577 Aliter

277 2601 371 2643 patri
400 2600 524 2633 tribuit
554 2600 687 2631 Plinius
719 2600 780 2632 lib.
810 2609 848 2633 x,
873 2609 904 2632 c.
934 2602 988 2633 51.
1043 2600 1202 2641 Lipsius:
1236 2599 1315 2630 Inde
1338 2597 1454 2636 infusa.²
1491 2595 1604 2628 culinis
1639 2599 1754 2634 artes,-

277 2662 425 2694 avesque
448 2651 598 2693 singulas
615 2661 677 2683 sex
702 2651 848 2684 nummis
874 2650 988 2684 coem—
1041 2651 1105 2683 hoc
1117 2655 1183 2693 est,
1193 2650 1273 2682 inde
1290 2652 1440 2690 repertae
1457 2647 1635 2681 'culinariae
1647 2653 1754 2680 artes.

278 2708 331 2735 tas
355 2707 518 2735 testatur.
1086 2709 1101 2740 †
1119 2702 1188 2735 An.
1206 2702 1256 2734 M.
1279 2704 1377 2734 4⁰15.
1392 2700 1451 2735 Ol.
1467 2703 1544 2733 185.
1559 2702 1593 2733 2.
1609 2699 1697 2732 Urb.
1711 2698 1753 2732 C.

322 2753 336 2775 ¹¹
359 2756 457 2787 Aceto
479 2753 630 2796 liquatos]
653 2754 706 2786 De
729 2754 789 2787 illo
818 2754 987 2788 Horatius
1043 2756 1118 2788 714.
1134 2752 1218 2787 Ant.
1234 2752 1298 2787 Ch.
1315 2755 1370 2785 38.

276 2814 317 2838 ιι.
336 2805 406 2839 Sat.
423 2808 454 2837 3.
501 2806 510 2822 ‘
530 2804 634 2836 Filius
661 2804 779 2847 AEsopi
811 2805 987 2847 direptam
