1878 3132
608 217 718 249 οΑϊ.
743 217 796 249 ιι.
831 217 894 250 οε
927 217 1131 251 GRATIS.
1530 211 1616 255 527

129 325 274 370 nepos
298 313 502 358 Africani
531 318 642 366 erat,
662 315 824 357 bonam
855 327 1152 372 magnamque
1172 320 1348 372 partem
1380 317 1614 363 Numidici

130 385 378 435 exercitus,
405 397 541 440 quem
556 382 593 414 ⁵⁶
623 382 817 426 Lucullo
851 383 1046 435 consuli,
1068 391 1095 426 a
1117 398 1210 440 quo
1242 385 1300 427 ad
1332 388 1507 430 auxilia
1537 402 1615 443 pe-

131 449 270 495 tenda
303 452 471 496 missus
504 451 666 503 fuerat,
693 451 739 494 in
777 451 1051 508 Hispaniam
1082 453 1279 505 duceret,
1312 457 1617 510 promtissima

130 526 280 564 mente
302 522 501 573 tradidit,
521 521 828 577 praesentique
847 522 1047 577 periculo
1068 526 1319 579 respectum
1341 525 1518 579 pristini
1541 527 1616 569 ben

130 589 281 633 neficii
312 586 604 646 anteposuit?¹
665 589 764 642 Ille,
787 602 890 633 cum
913 590 1012 646 jam
1043 595 1177 635 aetate
1209 591 1464 644 deficiente,
1492 607 1615 649 mag-

131 672 216 702 nas
248 660 373 715 regni
405 662 535 714 op'es,
555 662 746 715 quatuor
781 663 825 701 et
858 659 1183 716 quinquaginta
1213 660 1435 704 filiorum&
1464 677 1617 706 nume·

132 727 230 770 rum
245 733 280 761 ⁵⁷
310 728 586 783 relinquens,
620 730 666 771 in
704 728 870 771 lectulo
910 728 1150 781 laberetur,
1185 729 1251 771 M.
1292 729 1618 783 Manilium,⁵⁸²

134 797 214 852 qui
235 798 506 853 proconsule
528 797 731 840 Africam
753 797 1009 849 obtinebat,
1030 798 1174 840 literis
1198 799 1469 851 obsecravit,
1491 805 1537 842 ut
1558 801 1618 844 ad

132 878 181 908 se
212 866 470 922 Scipionem
492 865 802 916 AEmilianum,
824 866 910 927 sub
941 879 998 908 eo
1030 871 1141 909 tunc
1173 867 1449 920 militantem,
1471 870 1618 913 mitte-

132 938 223 977 ret:
254 935 501 978 feliciorem
519 940 710 978 mortem
732 949 862 978 suam
882 935 1075 979 futuram
1090 942 1233 988 ratus,
1246 938 1285 979 si
1306 937 1353 979 in
1374 940 1618 994 complexu

134 1003 312 1047 dextrae
345 1005 445 1061 ejus
486 1018 744 1060 supremum
780 1006 996 1061 spiritum
1028 1019 1082 1048 ao
1114 1006 1326 1049 mandata
1366 1009 1616 1062 posuisset.

135 1071 242 1124 Ille,
273 1073 512 1116 adventum
545 1073 776 1130 Scipionis
807 1074 914 1116 fatis
942 1075 1038 1117 suis
1075 1075 1488 1130 praecurrentibus?
1519 1077 1619 1122 haec

134 1141 266 1184 uxori
299 1142 548 1198 liberisque
589 1148 895 1199 praeceperat:
941 1146 955 1166 ‘
976 1157 1113 1186 unum
1151 1145 1196 1186 in
1233 1145 1359 1186 terris
1396 1147 1618 1200 populum

137 1208 413 1262 Romanum,
445 1216 492 1253 et
525 1225 663 1254 unam
698 1212 742 1254 in
777 1212 948 1268 populo
982 1211 1190 1254 Romano
1207 1217 1243 1245 ⁵9
1275 1213 1505 1269 Scipionis
1537 1216 1619 1258 do-

135 1292 258 1321 mum
295 1293 457 1323 nosse:
499 1281 668 1336 integra
708 1282 859 1324 omnia
895 1282 1143 1324 AEmiliano
1183 1282 1486 1326 reservarez⁶⁰
1515 1298 1619 1327 eum

135 1346 364 1392 dividendi
379 1351 502 1405 regni
523 1349 768 1394 arbitrumb
788 1350 1003 1394 haberent
1020 1363 1032 1405 ;
1063 1351 1184 1406 quod
1198 1351 1240 1394 is
1255 1352 1505 1406 statuisset,
1520 1368 1618 1410 per-

755 1484 999 1500 ”O‘ONNJOO

136 1571 222 1604 Mox
238 1570 362 1603 eadem
379 1581 458 1604 cum
478 1572 576 1615 Mog.
603 1577 639 1606 et
655 1576 736 1606 octo
752 1573 854 1607 codd.
870 1575 1014 1607 Torren.
1030 1574 1287 1615 African⁰.—-56
1312 1575 1423 1607 Codd.
1450 1574 1620 1610 fluctuant

135 1614 230 1647 inter
244 1625 334 1656 quem
346 1619 382 1646 et
398 1625 514 1656 quum3
536 1617 600 1648 hoc
615 1617 723 1649 habet
738 1618 823 1650 Vet.
838 1628 915 1650 cum
927 1618 1082 1661 pluribus
1099 1618 1199 1650 codd.
1217 1618 1362 1651 Torren.
1380 1619 1522 1661 Pighius
1539 1631 1619 1653 con-

138 1664 193 1690 tra
217 1668 335 1690 omnes
360 1659 464 1692 codd.
481 1665 517 1691 et
534 1659 614 1692 edd.
648 1666 734 1694 vett.
764 1661 934 1694 dederat:
958 1672 1049 1704 quem
1071 1662 1113 1694 nd
1138 1662 1302 1694 Lucullum
1326 1664 1502 1702 consulem‚·
1525 1674 1619 1696 eum-

137 1711 205 1744 que
236 1702 348 1734 secuti
379 1707 459 1734 snut
489 1703 603 1736 Celer.
623 1705 727 1747 Tliys.
754 1710 790 1738 et
811 1705 941 1747 Delph.
970 1709 1006 1737 ut
1033 1707 1067 1737 in
1097 1705 1290 1746 Hispaniam
1315 1706 1384 1738 duo
1415 1707 1557 1740 'ron-en.
1585 1710 1620 1741 in

135 1745 298 1787 Hispania
322 1744 426 1778 Aldd.
456 1756 532 1778 cum
558 1747 765 1789 quibusdam
797 1749 974 1781 aliis.—57
1000 1749 1130 1781 Medic.
1159 1753 1189 1781 l.
1214 1750 1430 1792 quadraginta
1457 1755 1619 1792 quattuor.

135 1789 272 1821 Novem
302 1788 414 1822 Codd.
438 1790 586 1822 Tot-ren.
612 1795 649 1823 et
677 1792 802 1833 Copes.
831 1802 909 1824 cum
933 1793 1017 1825 Vet.
1042 1793 1138 1835 Mog.
1167 1792 1312 1825 Venett.
1338 1793 1481 1826 Mediol.
1512 1795 1618 1828 Aldd.

138 1831 275 1875 Gryph.
300 1833 411 1865 Colin.
436 1839 473 1866 et
489 1835 612 1876 Steph.
641 1845 781 1868 numero.
828 1836 965 1868 Deinde
983 1837 1051 1868 duo
1067 1836 1209 1868 Torren.
1226 1837 1446 1874 intematum
1470 1843 1507 1870 et
1532 1849 1619 1871 unus

139 1875 292 1917 ejusdem
323 1876 506 1916 labentur,-
528 1888 605 1920 quae
624 1879 722 1911 lectt.
748 1889 816 1911 non
844 1880 1032 1920 displicent
1059 1880 1173 1912 eidem
1199 1881 1379 1913 Torrenio.
1418 1881 1621 1914 Perizonius

138 1920 232 1995 ζου).
248 1919 544 1996 ιῧωέςνειιωῖῖὸβ
568 1923 674 1997 Mullti
690 1922 793 1998 cotid.
806 1924 1082 1999 ἐξαέῌαηὶίἰαηιε
1105 1924 1206 1973 multi
1234 1924 1419 2000 etiampqui
1443 1928 1621 2002 1)νοῖιὲπὲ1.

171 1973 226 1995 nm
291 1973 309 1995 e
338 1973 380 1996 lc.
417 1988 425 1997 .
451 1975 460 1997 ι
478 1975 543 1997 eris
556 1976 635 2008 supp
650 1977 730 1998 icam
750 1985 803 1998 .-—
903 1976 1003 2009 opes.
1019 1978 1116 1999 unum
1137 1977 1171 1999 m
1195 1978 1292 2000 curis.
1371 1978 1408 2000 ro
1426 1979 1507 2010 popu
1588 1981 1621 2001 o-

137 2016 228 2039 mano
243 2007 326 2040 Vet.
341 2007 445 2040 habet
459 2010 670 2050 pamm—60
686 2010 832 2052 Pighius
848 2020 910 2053 pro
921 2021 1094 2054 reservare,
1109 2011 1201 2054 quod
1217 2010 1320 2045 codd.
1333 2012 1476 2045 Torren.
1493 2013 1623 2047 duode-

803 2123 951 2157 NOTAE

183 2230 196 2252 1
222 2225 369 2262 Quutuor
383 2228 413 2257 et
440 2222 672 2268 quinquaginta
690 2223 852 2267 filiorum]

138 2276 300 2309 Totidem
317 2281 478 2309 numerat
494 2277 704 2318 Eutropium
728 2276 852 2308 decem

139 2332 273 2360 tantum
311 2327 490 2360 Diodorus
521 2332 558 2360 et
588 2327 740 2369 Appian.
767 2337 852 2369 quos

138 2380 233 2411 iuter
249 2384 320 2411 tres
336 2379 494 2422 legitimi,
514 2380 678 2422 Micipsa,
699 2379 853 2412 Gulussa

139 2434 175 2462 et
198 2430 443 2462 Manastabal:
481 2431 599 2471 plures
625 2429 763 2472 quidem
792 2429 850 2461 ha-

137 2482 276 2522 buerat,
292 2481 353 2514 sed
381 2480 439 2514 alii
465 2482 533 2514 alio
559 2486 718 2524 tempore
738 2481 850 2523 perie-

140 2538 231 2565 rant.

185 2589 199 2605 ²
219 2584 392 2617 Manilium
420 2583 612 2626 [Manlium]
649 2583 776 2616 Melius
801 2583 849 2615 le-

141 2635 232 2676 geris
247 2635 442 2677 Manilium,
457 2636 516 2678 qui
533 2635 660 2667 bellum
677 2634 850 2667 Punicum

141 2688 283 2718 tertium
322 2686 510 2728 inchoavit,
539 2686 602 2719 sub
636 2696 704 2729 quo
731 2686 851 2729 Scipio

142 2742 275 2779 quartae
290 2738 435 2780 legionis
448 2737 619 2770 Tribunus
634 2742 722 2770 erat.

178 2793 193 2810 ⁸
207 2789 300 2821 Fatis
308 2790 373 2821 suia
385 2788 666 2831 praecurrentibus]
677 2788 734 2822 Ita
746 2788 853 2823 etiam

908 2228 945 2256 et
961 2222 1161 2267 Appianus,
1183 2229 1219 2258 et
1235 2224 1318 2266 alii3
1353 2225 1478 2258 Cicero
1503 2229 1621 2258 tamen

906 2277 982 2309 vult
995 2276 1193 2319 Scipionem
1209 2282 1291 2310 ante
1323 2276 1516 2309 Masinissae
1548 2277 1620 2308 obi-

907 2331 979 2359 tum
994 2325 1191 2360 advenisse.

950 2376 965 2398 b
988 2378 1164 2410 Dividendi
1177 2379 1271 2419 regni
1285 2377 1458 2419 arbitrum]
1485 2378 1621 2410 Nomen

906 2429 1038 2471 regium
1061 2430 1227 2471 legitimis
1251 2439 1432 2462 commune
1460 2438 1535 2461 esse
1563 2438 1620 2458 vo·

906 2480 987 2522 luit,
1020 2490 1233 2525 regnumque
1251 2491 1313 2524 pro
1329 2482 1496 2523 cujusque
1509 2479 1625 2511 studio

906 2533 1056 2575 partitus
1073 2537 1150 2565 ost:
1189 2533 1351 2574 Micipsae
1380 2531 1475 2573 pacis
1503 2540 1619 2562 aman—

904 2583 1038 2616 tissimo
1050 2588 1148 2615 certa
1162 2583 1256 2624 regio
1269 2582 1446 2624 assignata
1459 2592 1468 2621 ;
1492 2581 1620 2614 Gulus-

905 2644 954 2667 ⁸oe
983 2634 1067 2667 belli
1083 2635 1235 2668 studioso
1254 2634 1335 2666 belli
1350 2633 1513 2675 pacisque
1537 2642 1621 2665 cura

905 2686 1107 2726 commissa3
1145 2684 1392 2726 Manastabali,
1420 2684 1480 2727 qui
1508 2684 1620 2716 literis

906 2736 1043 2770 Graecis
1066 2735 1221 2768 eruditus
1249 2739 1340 2776 erat,
1363 2734 1510 2768 subditis
1533 2735 1620 2778 juris

906 2788 1047 2821 dicendi
1064 2787 1144 2820 data
1160 2791 1324 2829 potestas.
