<?xml version="1.0" encoding="UTF-8"?>
<!DOCTYPE html PUBLIC "-//W3C//DTD XHTML 1.0 Transitional//EN"
    "http://www.w3.org/TR/xhtml1/DTD/xhtml1-transitional.dtd">
<html xmlns="http://www.w3.org/1999/xhtml" xml:lang="en" lang="en">
 <head>
  <title>
</title>
<meta http-equiv="Content-Type" content="text/html;charset=utf-8" />
  <meta name='ocr-system' content='tesseract 3.04.00' />
  <meta name='ocr-capabilities' content='ocr_page ocr_carea ocr_par ocr_line ocrx_word'/>
</head>
<body>
  <div class='ocr_page' id='page_1' title='image "./factorumdictorum02valeuoft_0392.png"; bbox 0 0 1878 3132; ppageno 0'>
   <div class='ocr_carea' id='block_1_1' title="bbox 245 166 1381 222">
    <p class='ocr_par' dir='ltr' id='par_1_1' title="bbox 245 166 1381 222">
     <span class='ocr_line' id='line_1_1' title="bbox 245 166 1381 222; baseline 0.007 -9"><span class='ocrx_word' id='word_1_1' title='bbox 245 206 258 213; x_wconf 33' lang='lat' dir='ltr'><strong>s</strong></span> <span class='ocrx_word' id='word_1_2' title='bbox 295 166 384 210; x_wconf 84' lang='grc'><strong>848</strong></span> <span class='ocrx_word' id='word_1_3' title='bbox 705 182 917 216; x_wconf 72' lang='lat' dir='ltr'><strong>VAnnRu</strong></span> <span class='ocrx_word' id='word_1_4' title='bbox 954 185 1150 218; x_wconf 75' lang='lat' dir='ltr'><strong>MAxim</strong></span> <span class='ocrx_word' id='word_1_5' title='bbox 1187 187 1284 220; x_wconf 77' lang='lat' dir='ltr'><strong>mn.</strong></span> <span class='ocrx_word' id='word_1_6' title='bbox 1308 187 1381 222; x_wconf 80' lang='lat' dir='ltr'><strong>lx.</strong></span> 
     </span>
    </p>
   </div>
   <div class='ocr_carea' id='block_1_2' title="bbox 290 276 1779 754">
    <p class='ocr_par' dir='ltr' id='par_1_2' title="bbox 292 276 1776 398">
     <span class='ocr_line' id='line_1_2' title="bbox 294 276 1776 345; baseline 0.011 -27"><span class='ocrx_word' id='word_1_7' title='bbox 294 276 501 320; x_wconf 78' lang='lat' dir='ltr'><strong>voluntas</strong></span> <span class='ocrx_word' id='word_1_8' title='bbox 521 279 648 334; x_wconf 87' lang='lat' dir='ltr'><strong>operi</strong></span> <span class='ocrx_word' id='word_1_9' title='bbox 680 280 842 335; x_wconf 80' lang='lat' dir='ltr'><strong>cedat3</strong></span> <span class='ocrx_word' id='word_1_10' title='bbox 892 281 997 326; x_wconf 90' lang='lat' dir='ltr'><strong>dum</strong></span> <span class='ocrx_word' id='word_1_11' title='bbox 1036 284 1257 339; x_wconf 73' lang='lat' dir='ltr'><strong>praeclara</strong></span> <span class='ocrx_word' id='word_1_12' title='bbox 1294 286 1487 329; x_wconf 80' lang='lat' dir='ltr'><strong>libenter</strong></span> <span class='ocrx_word' id='word_1_13' title='bbox 1522 289 1776 345; x_wconf 71' lang='lat' dir='ltr'><strong>probando,</strong></span> 
     </span>
     <span class='ocr_line' id='line_1_3' title="bbox 292 348 1400 398; baseline 0.011 -11"><span class='ocrx_word' id='word_1_14' title='bbox 292 348 550 391; x_wconf 84' lang='lat' dir='ltr'><strong>necessaria</strong></span> <span class='ocrx_word' id='word_1_15' title='bbox 571 350 778 394; x_wconf 86' lang='lat' dir='ltr'><strong>narrandi</strong></span> <span class='ocrx_word' id='word_1_16' title='bbox 799 351 1073 396; x_wconf 88' lang='lat' dir='ltr'><strong>conscientia</strong></span> <span class='ocrx_word' id='word_1_17' title='bbox 1090 366 1176 395; x_wconf 91' lang='lat' dir='ltr'><strong>non</strong></span> <span class='ocrx_word' id='word_1_18' title='bbox 1197 353 1351 398; x_wconf 62' lang='lat' dir='ltr'><strong>desit!</strong></span> <span class='ocrx_word' id='word_1_19' title='bbox 1367 360 1400 386; x_wconf 83' lang='lat'><strong>²³</strong></span> 
     </span>
    </p>

    <p class='ocr_par' dir='ltr' id='par_1_3' title="bbox 290 416 1779 754">
     <span class='ocr_line' id='line_1_4' title="bbox 349 416 1779 480; baseline 0.008 -21"><span class='ocrx_word' id='word_1_20' title='bbox 349 416 395 459; x_wconf 89' lang='grc'><strong>1.</strong></span> <span class='ocrx_word' id='word_1_21' title='bbox 426 416 737 463; x_wconf 83' lang='lat' dir='ltr'><strong>Alexandrum</strong></span> <span class='ocrx_word' id='word_1_22' title='bbox 774 421 1010 464; x_wconf 85' lang='lat' dir='ltr'>iracundia</span> <span class='ocrx_word' id='word_1_23' title='bbox 1041 435 1127 465; x_wconf 86' lang='lat' dir='ltr'><strong>sua</strong></span> <span class='ocrx_word' id='word_1_24' title='bbox 1158 425 1479 480; x_wconf 85' lang='lat' dir='ltr'><strong>propemodum</strong></span> <span class='ocrx_word' id='word_1_25' title='bbox 1514 426 1632 470; x_wconf 85' lang='lat' dir='ltr'><strong>coelo</strong></span> <span class='ocrx_word' id='word_1_26' title='bbox 1662 427 1779 470; x_wconf 58' lang='lat' dir='ltr'><strong>deria</strong></span> 
     </span>
     <span class='ocr_line' id='line_1_5' title="bbox 292 485 1776 549; baseline 0.007 -22"><span class='ocrx_word' id='word_1_27' title='bbox 292 485 409 539; x_wconf 83' lang='lat' dir='ltr'><strong>puit.</strong></span> <span class='ocrx_word' id='word_1_28' title='bbox 471 487 595 531; x_wconf 85' lang='lat' dir='ltr'><strong>Nam</strong></span> <span class='ocrx_word' id='word_1_29' title='bbox 617 489 727 545; x_wconf 92' lang='lat' dir='ltr'><strong>quid</strong></span> <span class='ocrx_word' id='word_1_30' title='bbox 749 490 939 542; x_wconf 85' lang='lat' dir='ltr'><strong>obstitit,</strong></span> <span class='ocrx_word' id='word_1_31' title='bbox 961 505 1051 546; x_wconf 93' lang='lat' dir='ltr'><strong>quo</strong></span> <span class='ocrx_word' id='word_1_32' title='bbox 1079 492 1230 535; x_wconf 90' lang='lat' dir='ltr'><strong>minus</strong></span> <span class='ocrx_word' id='word_1_33' title='bbox 1260 493 1368 536; x_wconf 92' lang='lat' dir='ltr'><strong>illuc</strong></span> <span class='ocrx_word' id='word_1_34' title='bbox 1401 498 1668 549; x_wconf 83' lang='lat' dir='ltr'><strong>assurgeret,</strong></span> <span class='ocrx_word' id='word_1_35' title='bbox 1688 495 1776 538; x_wconf 86' lang='lat' dir='ltr'><strong>nisi</strong></span> 
     </span>
     <span class='ocr_line' id='line_1_6' title="bbox 292 553 1775 620; baseline 0.008 -24"><span class='ocrx_word' id='word_1_36' title='bbox 292 553 589 610; x_wconf 84' lang='lat' dir='ltr'><strong>Lysimachus</strong></span> <span class='ocrx_word' id='word_1_37' title='bbox 606 555 622 581; x_wconf 84' lang='lat'><strong>¹‘</strong></span> <span class='ocrx_word' id='word_1_38' title='bbox 665 559 787 602; x_wconf 92' lang='lat' dir='ltr'><strong>leoni</strong></span> <span class='ocrx_word' id='word_1_39' title='bbox 807 558 1043 615; x_wconf 81' lang='lat' dir='ltr'><strong>objectus,l</strong></span> <span class='ocrx_word' id='word_1_40' title='bbox 1085 567 1131 604; x_wconf 89' lang='lat' dir='ltr'><strong>et</strong></span> <span class='ocrx_word' id='word_1_41' title='bbox 1153 562 1311 619; x_wconf 87' lang='lat' dir='ltr'><strong>Clytus</strong></span> <span class='ocrx_word' id='word_1_42' title='bbox 1325 567 1351 586; x_wconf 86' lang='lat'><strong>¹¹¹</strong></span> <span class='ocrx_word' id='word_1_43' title='bbox 1394 563 1524 607; x_wconf 88' lang='lat' dir='ltr'><strong>hasta</strong></span> <span class='ocrx_word' id='word_1_44' title='bbox 1545 563 1775 620; x_wconf 83' lang='lat' dir='ltr'><strong>trajectus,</strong></span> 
     </span>
     <span class='ocr_line' id='line_1_7' title="bbox 290 624 1775 686; baseline 0.007 -20"><span class='ocrx_word' id='word_1_45' title='bbox 290 629 337 667; x_wconf 86' lang='lat' dir='ltr'><strong>et</strong></span> <span class='ocrx_word' id='word_1_46' title='bbox 357 624 656 670; x_wconf 85' lang='lat' dir='ltr'><strong>Callisthenes</strong></span> <span class='ocrx_word' id='word_1_47' title='bbox 676 629 790 671; x_wconf 88' lang='lat' dir='ltr'><strong>mori</strong></span> <span class='ocrx_word' id='word_1_48' title='bbox 803 628 962 684; x_wconf 84' lang='lat' dir='ltr'><strong>jussus</strong></span> <span class='ocrx_word' id='word_1_49' title='bbox 978 631 998 672; x_wconf 73' lang='grc' dir='ltr'><strong>Τ</strong></span> <span class='ocrx_word' id='word_1_50' title='bbox 1045 631 1155 686; x_wconf 88' lang='lat' dir='ltr'><strong>quia</strong></span> <span class='ocrx_word' id='word_1_51' title='bbox 1190 637 1283 675; x_wconf 88' lang='lat' dir='ltr'><strong>tres</strong></span> <span class='ocrx_word' id='word_1_52' title='bbox 1309 632 1536 676; x_wconf 85' lang='lat' dir='ltr'><strong>maximas</strong></span> <span class='ocrx_word' id='word_1_53' title='bbox 1555 633 1775 676; x_wconf 85' lang='lat' dir='ltr'><strong>victorias</strong></span> 
     </span>
     <span class='ocr_line' id='line_1_8' title="bbox 291 694 1580 754; baseline 0.006 -17"><span class='ocrx_word' id='word_1_54' title='bbox 291 694 476 738; x_wconf 88' lang='lat' dir='ltr'><strong>totidem</strong></span> <span class='ocrx_word' id='word_1_55' title='bbox 498 697 744 740; x_wconf 86' lang='lat' dir='ltr'><strong>amicorum</strong></span> <span class='ocrx_word' id='word_1_56' title='bbox 766 697 946 754; x_wconf 82' lang='lat' dir='ltr'><strong>injustis</strong></span> <span class='ocrx_word' id='word_1_57' title='bbox 967 700 1170 745; x_wconf 80' lang='lat' dir='ltr'><strong>caedibus</strong></span> <span class='ocrx_word' id='word_1_58' title='bbox 1190 702 1339 744; x_wconf 87' lang='lat' dir='ltr'><strong>victor</strong></span> <span class='ocrx_word' id='word_1_59' title='bbox 1357 700 1580 745; x_wconf 75' lang='lat' dir='ltr'><strong>edidit.²⁴‡</strong></span> 
     </span>
    </p>
   </div>
   <div class='ocr_carea' id='block_1_3' title="bbox 285 827 1789 958">
    <p class='ocr_par' dir='ltr' id='par_1_4' title="bbox 285 827 1789 958">
     <span class='ocr_line' id='line_1_9' title="bbox 308 827 1789 878; baseline 0.005 -18"><span class='ocrx_word' id='word_1_60' title='bbox 308 871 314 878; x_wconf 36' lang='grc' dir='ltr'>ι</span> <span class='ocrx_word' id='word_1_61' title='bbox 332 827 351 849; x_wconf 72' lang='lat'><strong>‘¹</strong></span> <span class='ocrx_word' id='word_1_62' title='bbox 368 828 522 862; x_wconf 81' lang='lat' dir='ltr'><strong>Voluntas</strong></span> <span class='ocrx_word' id='word_1_63' title='bbox 542 831 616 864; x_wconf 84' lang='lat' dir='ltr'><strong>licet</strong></span> <span class='ocrx_word' id='word_1_64' title='bbox 633 830 672 863; x_wconf 83' lang='lat' dir='ltr'><strong>ab</strong></span> <span class='ocrx_word' id='word_1_65' title='bbox 687 831 738 864; x_wconf 85' lang='lat' dir='ltr'><strong>his</strong></span> <span class='ocrx_word' id='word_1_66' title='bbox 752 832 922 865; x_wconf 81' lang='lat' dir='ltr'><strong><em>narrandis</em></strong></span> <span class='ocrx_word' id='word_1_67' title='bbox 935 832 1117 874; x_wconf 77' lang='lat' dir='ltr'><strong>abhorreat,</strong></span> <span class='ocrx_word' id='word_1_68' title='bbox 1140 836 1229 868; x_wconf 81' lang='lat' dir='ltr'><strong>cedat</strong></span> <span class='ocrx_word' id='word_1_69' title='bbox 1241 836 1400 877; x_wconf 76' lang='lat' dir='ltr'><strong>proposito</strong></span> <span class='ocrx_word' id='word_1_70' title='bbox 1414 836 1514 878; x_wconf 75' lang='lat' dir='ltr'><strong>operi,</strong></span> <span class='ocrx_word' id='word_1_71' title='bbox 1527 837 1603 869; x_wconf 80' lang='lat' dir='ltr'><strong>dum</strong></span> <span class='ocrx_word' id='word_1_72' title='bbox 1613 835 1774 877; x_wconf 72' lang='lat' dir='ltr'><strong>probando</strong></span> <span class='ocrx_word' id='word_1_73' title='bbox 1786 848 1789 850; x_wconf 52' lang='lat'><em>&gt;</em></span> 
     </span>
     <span class='ocr_line' id='line_1_10' title="bbox 285 871 1774 958; baseline 0.005 -54"><span class='ocrx_word' id='word_1_74' title='bbox 285 871 425 958; x_wconf 42' lang='lat' dir='ltr'><strong>olzbee&#39;rzter</strong></span> <span class='ocrx_word' id='word_1_75' title='bbox 462 875 592 917; x_wconf 81' lang='lat' dir='ltr'><strong>egregie</strong></span> <span class='ocrx_word' id='word_1_76' title='bbox 620 875 727 919; x_wconf 82' lang='lat' dir='ltr'><strong>facta,</strong></span> <span class='ocrx_word' id='word_1_77' title='bbox 761 877 905 910; x_wconf 75' lang='lat' dir='ltr'><strong>narratio</strong></span> <span class='ocrx_word' id='word_1_78' title='bbox 935 876 972 909; x_wconf 86' lang='lat' dir='ltr'><strong>ob</strong></span> <span class='ocrx_word' id='word_1_79' title='bbox 1002 878 1151 920; x_wconf 74' lang='lat' dir='ltr'><strong><em>promissi</em></strong></span> <span class='ocrx_word' id='word_1_80' title='bbox 1170 879 1274 922; x_wconf 83' lang='lat' dir='ltr'><strong>fidem</strong></span> <span class='ocrx_word' id='word_1_81' title='bbox 1299 879 1475 913; x_wconf 66' lang='lat' dir='ltr'><strong>necessaria</strong></span> <span class='ocrx_word' id='word_1_82' title='bbox 1500 890 1564 914; x_wconf 83' lang='lat' dir='ltr'><strong>mm</strong></span> <span class='ocrx_word' id='word_1_83' title='bbox 1590 878 1673 912; x_wconf 70' lang='lat' dir='ltr'><strong>desit</strong></span> <span class='ocrx_word' id='word_1_84' title='bbox 1700 879 1774 913; x_wconf 76' lang='lat' dir='ltr'><strong>huic</strong></span> 
     </span>
    </p>
   </div>
   <div class='ocr_carea' id='block_1_4' title="bbox 903 985 1149 999">
    <p class='ocr_par' dir='ltr' id='par_1_5' title="bbox 903 985 1149 999">
     <span class='ocr_line' id='line_1_11' title="bbox 903 985 1149 999; baseline 0.004 -1"><span class='ocrx_word' id='word_1_85' title='bbox 903 985 941 998; x_wconf 63' lang='lat'><strong>00</strong></span> <span class='ocrx_word' id='word_1_86' title='bbox 944 985 1149 999; x_wconf 55' lang='lat' dir='ltr'><strong>mum</strong></span> 
     </span>
    </p>
   </div>
   <div class='ocr_carea' id='block_1_5' title="bbox 283 1060 1773 1901">
    <p class='ocr_par' dir='ltr' id='par_1_6' title="bbox 283 1060 1773 1901">
     <span class='ocr_line' id='line_1_12' title="bbox 287 1060 1772 1109; baseline 0.005 -17"><span class='ocrx_word' id='word_1_87' title='bbox 287 1063 389 1093; x_wconf 89' lang='lat' dir='ltr'><strong>cutus</strong></span> <span class='ocrx_word' id='word_1_88' title='bbox 405 1060 550 1104; x_wconf 85' lang='lat' dir='ltr'>Pighius</span> <span class='ocrx_word' id='word_1_89' title='bbox 567 1062 703 1097; x_wconf 82' lang='lat' dir='ltr'><strong>edidit:</strong></span> <span class='ocrx_word' id='word_1_90' title='bbox 730 1064 827 1097; x_wconf 78' lang='lat' dir='ltr'><strong>Nunc</strong></span> <span class='ocrx_word' id='word_1_91' title='bbox 839 1066 952 1098; x_wconf 79' lang='lat' dir='ltr'><strong>....sed</strong></span> <span class='ocrx_word' id='word_1_92' title='bbox 966 1065 1126 1099; x_wconf 70' lang='lat' dir='ltr'><strong>maximis.</strong></span> <span class='ocrx_word' id='word_1_93' title='bbox 1134 1069 1215 1099; x_wconf 76' lang='lat'><strong>-23</strong></span> <span class='ocrx_word' id='word_1_94' title='bbox 1239 1066 1365 1109; x_wconf 86' lang='lat' dir='ltr'><strong>copes.</strong></span> <span class='ocrx_word' id='word_1_95' title='bbox 1387 1065 1647 1100; x_wconf 54' lang='lat' dir='ltr'><strong>cedit-...distin</strong></span> <span class='ocrx_word' id='word_1_96' title='bbox 1691 1064 1772 1099; x_wconf 59' lang='lat' dir='ltr'><strong>‘vtss</strong></span> 
     </span>
     <span class='ocr_line' id='line_1_13' title="bbox 287 1104 1772 1156; baseline 0.004 -20"><span class='ocrx_word' id='word_1_97' title='bbox 287 1104 406 1156; x_wconf 47' lang='lat' dir='ltr'><strong>detur.</strong></span> <span class='ocrx_word' id='word_1_98' title='bbox 419 1115 559 1147; x_wconf 89' lang='lat' dir='ltr'><strong>prorsus</strong></span> <span class='ocrx_word' id='word_1_99' title='bbox 582 1108 768 1150; x_wconf 84' lang='lat' dir='ltr'><strong>legendum</strong></span> <span class='ocrx_word' id='word_1_100' title='bbox 784 1119 816 1141; x_wconf 81' lang='lat' dir='ltr'><strong>v.</strong></span> <span class='ocrx_word' id='word_1_101' title='bbox 840 1120 869 1141; x_wconf 88' lang='lat' dir='ltr'><strong>o.</strong></span> <span class='ocrx_word' id='word_1_102' title='bbox 894 1111 999 1152; x_wconf 84' lang='lat' dir='ltr'><strong>cedat,</strong></span> <span class='ocrx_word' id='word_1_103' title='bbox 1024 1111 1100 1142; x_wconf 84' lang='lat' dir='ltr'><strong>dum</strong></span> <span class='ocrx_word' id='word_1_104' title='bbox 1118 1111 1274 1152; x_wconf 82' lang='lat' dir='ltr'><strong>proeclara</strong></span> <span class='ocrx_word' id='word_1_105' title='bbox 1287 1110 1454 1152; x_wconf 78' lang='lat' dir='ltr'><strong>probandi,</strong></span> <span class='ocrx_word' id='word_1_106' title='bbox 1477 1120 1509 1143; x_wconf 81' lang='lat' dir='ltr'><strong>n.</strong></span> <span class='ocrx_word' id='word_1_107' title='bbox 1522 1121 1555 1143; x_wconf 80' lang='lat' dir='ltr'><strong>n.</strong></span> <span class='ocrx_word' id='word_1_108' title='bbox 1574 1120 1603 1144; x_wconf 79' lang='lat' dir='ltr'><strong>c.</strong></span> <span class='ocrx_word' id='word_1_109' title='bbox 1618 1121 1651 1142; x_wconf 84' lang='grc' dir='ltr'><strong>π.</strong></span> <span class='ocrx_word' id='word_1_110' title='bbox 1665 1109 1747 1142; x_wconf 69' lang='lat' dir='ltr'><strong>desit</strong></span> <span class='ocrx_word' id='word_1_111' title='bbox 1757 1120 1772 1149; x_wconf 83' lang='lat'><strong>‚-</strong></span> 
     </span>
     <span class='ocr_line' id='line_1_14' title="bbox 284 1148 1770 1200; baseline 0.005 -20"><span class='ocrx_word' id='word_1_112' title='bbox 284 1148 343 1181; x_wconf 90' lang='lat' dir='ltr'><strong>vel</strong></span> <span class='ocrx_word' id='word_1_113' title='bbox 357 1152 477 1200; x_wconf 78' lang='lat' dir='ltr'><strong>etlam,</strong></span> <span class='ocrx_word' id='word_1_114' title='bbox 492 1151 567 1184; x_wconf 77' lang='lat' dir='ltr'><strong>dum</strong></span> <span class='ocrx_word' id='word_1_115' title='bbox 587 1153 742 1194; x_wconf 78' lang='lat' dir='ltr'><strong>proeclara</strong></span> <span class='ocrx_word' id='word_1_116' title='bbox 754 1152 924 1194; x_wconf 80' lang='lat' dir='ltr'><strong>probando,</strong></span> <span class='ocrx_word' id='word_1_117' title='bbox 935 1154 1110 1187; x_wconf 74' lang='lat' dir='ltr'><strong>necessaria</strong></span> <span class='ocrx_word' id='word_1_118' title='bbox 1120 1154 1274 1186; x_wconf 82' lang='lat' dir='ltr'><strong>narrandi</strong></span> <span class='ocrx_word' id='word_1_119' title='bbox 1285 1155 1392 1195; x_wconf 78' lang='lat' dir='ltr'><strong>gloria</strong></span> <span class='ocrx_word' id='word_1_120' title='bbox 1405 1164 1467 1187; x_wconf 82' lang='lat' dir='ltr'><strong>mm</strong></span> <span class='ocrx_word' id='word_1_121' title='bbox 1481 1153 1588 1187; x_wconf 62' lang='lat' dir='ltr'><strong>desit?</strong></span> <span class='ocrx_word' id='word_1_122' title='bbox 1608 1153 1770 1187; x_wconf 83' lang='lat' dir='ltr'><strong>Perizon.</strong></span> 
     </span>
     <span class='ocr_line' id='line_1_15' title="bbox 285 1192 1770 1239; baseline 0.003 -14"><span class='ocrx_word' id='word_1_123' title='bbox 285 1192 405 1226; x_wconf 87' lang='lat' dir='ltr'><strong>‘Le1d.</strong></span> <span class='ocrx_word' id='word_1_124' title='bbox 423 1194 533 1236; x_wconf 90' lang='lat' dir='ltr'><strong>quint.</strong></span> <span class='ocrx_word' id='word_1_125' title='bbox 546 1195 673 1238; x_wconf 83' lang='lat' dir='ltr'><strong>Ultraj.</strong></span> <span class='ocrx_word' id='word_1_126' title='bbox 689 1197 789 1238; x_wconf 82' lang='lat' dir='ltr'><strong><em>prim.</em></strong></span> <span class='ocrx_word' id='word_1_127' title='bbox 801 1196 958 1239; x_wconf 78' lang='lat' dir='ltr'><strong>probandi</strong></span> <span class='ocrx_word' id='word_1_128' title='bbox 970 1209 985 1236; x_wconf 83' lang='lat'><strong>‚-</strong></span> <span class='ocrx_word' id='word_1_129' title='bbox 1007 1198 1108 1231; x_wconf 89' lang='lat' dir='ltr'><strong>Leid.</strong></span> <span class='ocrx_word' id='word_1_130' title='bbox 1132 1207 1205 1230; x_wconf 88' lang='lat' dir='ltr'><strong>sec.</strong></span> <span class='ocrx_word' id='word_1_131' title='bbox 1221 1200 1392 1231; x_wconf 74' lang='lat' dir='ltr'><strong>narrando.</strong></span> <span class='ocrx_word' id='word_1_132' title='bbox 1439 1198 1559 1231; x_wconf 89' lang='lat' dir='ltr'><strong>Ceteri</strong></span> <span class='ocrx_word' id='word_1_133' title='bbox 1575 1201 1615 1230; x_wconf 87' lang='lat' dir='ltr'><strong>nt</strong></span> <span class='ocrx_word' id='word_1_134' title='bbox 1629 1197 1770 1237; x_wconf 61' lang='lat' dir='ltr'><strong>editum</strong></span> 
     </span>
     <span class='ocr_line' id='line_1_16' title="bbox 285 1241 1773 1284; baseline 0.003 -15"><span class='ocrx_word' id='word_1_135' title='bbox 285 1246 399 1280; x_wconf 88' lang='lat' dir='ltr'><strong>neque</strong></span> <span class='ocrx_word' id='word_1_136' title='bbox 416 1248 558 1271; x_wconf 83' lang='lat' dir='ltr'><strong>necesse</strong></span> <span class='ocrx_word' id='word_1_137' title='bbox 573 1244 626 1272; x_wconf 90' lang='lat' dir='ltr'><strong>est</strong></span> <span class='ocrx_word' id='word_1_138' title='bbox 641 1241 825 1283; x_wconf 85' lang='lat' dir='ltr'><strong>quicquam</strong></span> <span class='ocrx_word' id='word_1_139' title='bbox 839 1241 988 1273; x_wconf 59' lang='lat' dir='ltr'><strong>mutari)</strong></span> <span class='ocrx_word' id='word_1_140' title='bbox 1008 1242 1228 1275; x_wconf 59' lang='lat' dir='ltr'><strong>Tenem—24</strong></span> <span class='ocrx_word' id='word_1_141' title='bbox 1250 1243 1260 1261; x_wconf 78' lang='lat'><strong>⁴</strong></span> <span class='ocrx_word' id='word_1_142' title='bbox 1276 1243 1355 1275; x_wconf 90' lang='lat' dir='ltr'><strong>Non</strong></span> <span class='ocrx_word' id='word_1_143' title='bbox 1367 1241 1524 1274; x_wconf 87' lang='lat' dir='ltr'><strong>dubitavi</strong></span> <span class='ocrx_word' id='word_1_144' title='bbox 1535 1242 1624 1274; x_wconf 80' lang='lat' dir='ltr'><strong>lianc</strong></span> <span class='ocrx_word' id='word_1_145' title='bbox 1639 1250 1773 1284; x_wconf 82' lang='lat' dir='ltr'><strong>vocem,</strong></span> 
     </span>
     <span class='ocr_line' id='line_1_17' title="bbox 285 1281 1771 1332; baseline 0.003 -19"><span class='ocrx_word' id='word_1_146' title='bbox 285 1290 363 1332; x_wconf 77' lang='lat' dir='ltr'><strong>quae</strong></span> <span class='ocrx_word' id='word_1_147' title='bbox 379 1281 416 1332; x_wconf 79' lang='lat' dir='ltr'><strong>in</strong></span> <span class='ocrx_word' id='word_1_148' title='bbox 429 1283 587 1315; x_wconf 90' lang='lat' dir='ltr'><strong>omnibus</strong></span> <span class='ocrx_word' id='word_1_149' title='bbox 614 1284 738 1326; x_wconf 88' lang='lat' dir='ltr'><strong>Pighio</strong></span> <span class='ocrx_word' id='word_1_150' title='bbox 764 1284 1014 1327; x_wconf 81' lang='lat' dir='ltr'><strong>antiquioribus</strong></span> <span class='ocrx_word' id='word_1_151' title='bbox 1031 1285 1110 1318; x_wconf 89' lang='lat' dir='ltr'><strong>edd.</strong></span> <span class='ocrx_word' id='word_1_152' title='bbox 1126 1286 1162 1318; x_wconf 90' lang='lat' dir='ltr'><strong>in</strong></span> <span class='ocrx_word' id='word_1_153' title='bbox 1179 1286 1335 1318; x_wconf 89' lang='lat' dir='ltr'><strong>omnibus</strong></span> <span class='ocrx_word' id='word_1_154' title='bbox 1351 1286 1455 1319; x_wconf 87' lang='lat' dir='ltr'><strong>codd.</strong></span> <span class='ocrx_word' id='word_1_155' title='bbox 1471 1285 1645 1326; x_wconf 87' lang='lat' dir='ltr'><strong>Torrenii,</strong></span> <span class='ocrx_word' id='word_1_156' title='bbox 1659 1285 1694 1318; x_wconf 91' lang='lat' dir='ltr'><strong>in</strong></span> <span class='ocrx_word' id='word_1_157' title='bbox 1709 1294 1771 1317; x_wconf 80' lang='lat' dir='ltr'><strong>sex</strong></span> 
     </span>
     <span class='ocr_line' id='line_1_18' title="bbox 284 1325 1772 1372; baseline 0.004 -16"><span class='ocrx_word' id='word_1_158' title='bbox 284 1325 415 1368; x_wconf 80' lang='lat' dir='ltr'><strong>Pighii,</strong></span> <span class='ocrx_word' id='word_1_159' title='bbox 429 1326 466 1358; x_wconf 91' lang='lat' dir='ltr'><strong>in</strong></span> <span class='ocrx_word' id='word_1_160' title='bbox 482 1337 551 1360; x_wconf 90' lang='lat' dir='ltr'><strong>uno</strong></span> <span class='ocrx_word' id='word_1_161' title='bbox 568 1328 685 1360; x_wconf 91' lang='lat' dir='ltr'><strong>Coleri</strong></span> <span class='ocrx_word' id='word_1_162' title='bbox 708 1333 744 1361; x_wconf 87' lang='lat' dir='ltr'><strong>et</strong></span> <span class='ocrx_word' id='word_1_163' title='bbox 770 1328 806 1361; x_wconf 93' lang='lat' dir='ltr'><strong>in</strong></span> <span class='ocrx_word' id='word_1_164' title='bbox 830 1329 957 1371; x_wconf 82' lang='lat' dir='ltr'><strong>Copes.</strong></span> <span class='ocrx_word' id='word_1_165' title='bbox 981 1328 1070 1361; x_wconf 87' lang='lat' dir='ltr'><strong>forte</strong></span> <span class='ocrx_word' id='word_1_166' title='bbox 1093 1329 1197 1362; x_wconf 87' lang='lat' dir='ltr'><strong>etiam</strong></span> <span class='ocrx_word' id='word_1_167' title='bbox 1219 1330 1254 1361; x_wconf 91' lang='lat' dir='ltr'><strong>in</strong></span> <span class='ocrx_word' id='word_1_168' title='bbox 1277 1335 1427 1372; x_wconf 90' lang='lat' dir='ltr'><strong>utroque</strong></span> <span class='ocrx_word' id='word_1_169' title='bbox 1449 1329 1582 1363; x_wconf 89' lang='lat' dir='ltr'><strong>Brand.</strong></span> <span class='ocrx_word' id='word_1_170' title='bbox 1604 1333 1772 1369; x_wconf 60' lang='lat' dir='ltr'><strong>eman-et</strong></span> 
     </span>
     <span class='ocr_line' id='line_1_19' title="bbox 283 1368 1773 1416; baseline 0.003 -15"><span class='ocrx_word' id='word_1_171' title='bbox 283 1368 412 1402; x_wconf 91' lang='lat' dir='ltr'><strong>bonum</strong></span> <span class='ocrx_word' id='word_1_172' title='bbox 438 1380 575 1403; x_wconf 88' lang='lat' dir='ltr'><strong>sensum</strong></span> <span class='ocrx_word' id='word_1_173' title='bbox 596 1372 719 1413; x_wconf 89' lang='lat' dir='ltr'><strong>habet,</strong></span> <span class='ocrx_word' id='word_1_174' title='bbox 740 1372 775 1404; x_wconf 92' lang='lat' dir='ltr'><strong>in</strong></span> <span class='ocrx_word' id='word_1_175' title='bbox 788 1377 937 1405; x_wconf 89' lang='lat' dir='ltr'><strong>·textum</strong></span> <span class='ocrx_word' id='word_1_176' title='bbox 961 1373 1161 1415; x_wconf 81' lang='lat' dir='ltr'><strong>restituere,</strong></span> <span class='ocrx_word' id='word_1_177' title='bbox 1175 1379 1212 1406; x_wconf 88' lang='lat' dir='ltr'><strong>et</strong></span> <span class='ocrx_word' id='word_1_178' title='bbox 1227 1374 1463 1416; x_wconf 80' lang='lat' dir='ltr'><strong>conjecturam</strong></span> <span class='ocrx_word' id='word_1_179' title='bbox 1480 1373 1595 1416; x_wconf 85' lang='lat' dir='ltr'><strong>Pighii</strong></span> <span class='ocrx_word' id='word_1_180' title='bbox 1616 1372 1773 1416; x_wconf 79' lang='lat' dir='ltr'><strong>perdidit,</strong></span> 
     </span>
     <span class='ocr_line' id='line_1_20' title="bbox 284 1415 1770 1465; baseline 0.002 -20"><span class='ocrx_word' id='word_1_181' title='bbox 284 1422 386 1465; x_wconf 73' lang='lat' dir='ltr'><strong>quam</strong></span> <span class='ocrx_word' id='word_1_182' title='bbox 409 1415 564 1456; x_wconf 89' lang='lat' dir='ltr'><strong>Colerus,</strong></span> <span class='ocrx_word' id='word_1_183' title='bbox 578 1416 756 1458; x_wconf 80' lang='lat' dir='ltr'><strong>Vorstius,</strong></span> <span class='ocrx_word' id='word_1_184' title='bbox 771 1417 959 1449; x_wconf 86' lang='lat' dir='ltr'><strong>Torrenius</strong></span> <span class='ocrx_word' id='word_1_185' title='bbox 974 1417 1100 1460; x_wconf 87' lang='lat' dir='ltr'><strong>aliique</strong></span> <span class='ocrx_word' id='word_1_186' title='bbox 1117 1423 1337 1460; x_wconf 74' lang='lat' dir='ltr'><strong>receperant,</strong></span> <span class='ocrx_word' id='word_1_187' title='bbox 1352 1419 1431 1450; x_wconf 90' lang='lat' dir='ltr'><strong>loco</strong></span> <span class='ocrx_word' id='word_1_188' title='bbox 1447 1422 1510 1450; x_wconf 87' lang='lat' dir='ltr'><strong>suo&#39;</strong></span> <span class='ocrx_word' id='word_1_189' title='bbox 1526 1427 1680 1450; x_wconf 85' lang='lat' dir='ltr'><strong>movere.</strong></span> <span class='ocrx_word' id='word_1_190' title='bbox 1725 1416 1770 1448; x_wconf 89' lang='lat' dir='ltr'><strong>In</strong></span> 
     </span>
     <span class='ocr_line' id='line_1_21' title="bbox 283 1458 1771 1504; baseline 0.002 -15"><span class='ocrx_word' id='word_1_191' title='bbox 283 1458 432 1491; x_wconf 86' lang='lat' dir='ltr'><strong>sus1ano</strong></span> <span class='ocrx_word' id='word_1_192' title='bbox 446 1468 511 1500; x_wconf 89' lang='lat' dir='ltr'><strong>pro</strong></span> <span class='ocrx_word' id='word_1_193' title='bbox 526 1459 628 1492; x_wconf 80' lang='lat' dir='ltr'><strong>victor</strong></span> <span class='ocrx_word' id='word_1_194' title='bbox 642 1461 744 1493; x_wconf 77' lang='lat' dir='ltr'><strong>edidit</strong></span> <span class='ocrx_word' id='word_1_195' title='bbox 757 1465 813 1493; x_wconf 92' lang='lat' dir='ltr'><strong>est</strong></span> <span class='ocrx_word' id='word_1_196' title='bbox 825 1461 1026 1503; x_wconf 67' lang='lat' dir='ltr'><strong>deturpavit,-</strong></span> <span class='ocrx_word' id='word_1_197' title='bbox 1053 1462 1146 1504; x_wconf 89' lang='lat' dir='ltr'><strong>quod</strong></span> <span class='ocrx_word' id='word_1_198' title='bbox 1159 1462 1264 1504; x_wconf 89' lang='lat' dir='ltr'><strong>plane</strong></span> <span class='ocrx_word' id='word_1_199' title='bbox 1277 1462 1427 1494; x_wconf 88' lang='lat' dir='ltr'><strong>alienum</strong></span> <span class='ocrx_word' id='word_1_200' title='bbox 1442 1466 1510 1500; x_wconf 86' lang='lat' dir='ltr'><strong>est,</strong></span> <span class='ocrx_word' id='word_1_201' title='bbox 1524 1461 1616 1494; x_wconf 84' lang='lat' dir='ltr'><strong>sieut</strong></span> <span class='ocrx_word' id='word_1_202' title='bbox 1627 1460 1771 1503; x_wconf 67' lang='lat' dir='ltr'><strong>Pighiu-</strong></span> 
     </span>
     <span class='ocr_line' id='line_1_22' title="bbox 283 1503 1769 1547; baseline 0.001 -13"><span class='ocrx_word' id='word_1_203' title='bbox 283 1511 366 1534; x_wconf 90' lang='lat' dir='ltr'><strong>num</strong></span> <span class='ocrx_word' id='word_1_204' title='bbox 383 1503 538 1544; x_wconf 82' lang='lat' dir='ltr'><strong>perdidit.</strong></span> <span class='ocrx_word' id='word_1_205' title='bbox 582 1504 744 1537; x_wconf 85' lang='lat' dir='ltr'><strong>Valerius</strong></span> <span class='ocrx_word' id='word_1_206' title='bbox 770 1505 862 1537; x_wconf 89' lang='lat' dir='ltr'><strong>euim</strong></span> <span class='ocrx_word' id='word_1_207' title='bbox 885 1515 1025 1538; x_wconf 90' lang='lat' dir='ltr'><strong>causam</strong></span> <span class='ocrx_word' id='word_1_208' title='bbox 1052 1503 1165 1547; x_wconf 82' lang='lat' dir='ltr'><strong>affert,</strong></span> <span class='ocrx_word' id='word_1_209' title='bbox 1188 1516 1249 1538; x_wconf 89' lang='lat' dir='ltr'><strong>cur</strong></span> <span class='ocrx_word' id='word_1_210' title='bbox 1270 1505 1471 1538; x_wconf 82' lang='lat' dir='ltr'><strong>Alexander</strong></span> <span class='ocrx_word' id='word_1_211' title='bbox 1496 1504 1572 1538; x_wconf 88' lang='lat' dir='ltr'><strong>fere</strong></span> <span class='ocrx_word' id='word_1_212' title='bbox 1593 1505 1627 1536; x_wconf 89' lang='lat' dir='ltr'><strong>in</strong></span> <span class='ocrx_word' id='word_1_213' title='bbox 1643 1503 1769 1537; x_wconf 87' lang='lat' dir='ltr'><strong>coelum</strong></span> 
     </span>
     <span class='ocr_line' id='line_1_23' title="bbox 285 1547 1769 1591; baseline 0.001 -13"><span class='ocrx_word' id='word_1_214' title='bbox 285 1552 496 1589; x_wconf 83' lang='lat' dir='ltr'><strong>assurgeret,</strong></span> <span class='ocrx_word' id='word_1_215' title='bbox 512 1547 588 1590; x_wconf 81' lang='lat' dir='ltr'><strong>quia</strong></span> <span class='ocrx_word' id='word_1_216' title='bbox 602 1558 729 1591; x_wconf 88' lang='lat' dir='ltr'><strong>nempe</strong></span> <span class='ocrx_word' id='word_1_217' title='bbox 745 1553 816 1581; x_wconf 87' lang='lat' dir='ltr'><strong>tres</strong></span> <span class='ocrx_word' id='word_1_218' title='bbox 832 1549 999 1582; x_wconf 90' lang='lat' dir='ltr'><strong>maximas</strong></span> <span class='ocrx_word' id='word_1_219' title='bbox 1015 1549 1179 1582; x_wconf 86' lang='lat' dir='ltr'><strong>victorias</strong></span> <span class='ocrx_word' id='word_1_220' title='bbox 1196 1549 1375 1582; x_wconf 81' lang='lat' dir='ltr'><strong>edidisset.</strong></span> <span class='ocrx_word' id='word_1_221' title='bbox 1421 1548 1513 1583; x_wconf 83' lang='lat' dir='ltr'><strong>Quia</strong></span> <span class='ocrx_word' id='word_1_222' title='bbox 1534 1557 1618 1582; x_wconf 84' lang='lat' dir='ltr'><strong>vero</strong></span> <span class='ocrx_word' id='word_1_223' title='bbox 1639 1547 1769 1581; x_wconf 75' lang='lat' dir='ltr'><strong>nullam</strong></span> 
     </span>
     <span class='ocr_line' id='line_1_24' title="bbox 283 1589 1773 1636; baseline 0.001 -14"><span class='ocrx_word' id='word_1_224' title='bbox 283 1589 462 1623; x_wconf 87' lang='lat' dir='ltr'><strong>historiam</strong></span> <span class='ocrx_word' id='word_1_225' title='bbox 476 1592 550 1625; x_wconf 90' lang='lat' dir='ltr'><strong>sine</strong></span> <span class='ocrx_word' id='word_1_226' title='bbox 566 1593 724 1625; x_wconf 84' lang='lat' dir='ltr'><strong>acumine</strong></span> <span class='ocrx_word' id='word_1_227' title='bbox 736 1593 915 1626; x_wconf 85' lang='lat' dir='ltr'><strong>dimittere</strong></span> <span class='ocrx_word' id='word_1_228' title='bbox 928 1594 1032 1632; x_wconf 89' lang='lat' dir='ltr'><strong>solet,</strong></span> <span class='ocrx_word' id='word_1_229' title='bbox 1048 1594 1171 1636; x_wconf 89' lang='lat' dir='ltr'><strong>pungit</strong></span> <span class='ocrx_word' id='word_1_230' title='bbox 1188 1594 1288 1626; x_wconf 89' lang='lat' dir='ltr'><strong>simul</strong></span> <span class='ocrx_word' id='word_1_231' title='bbox 1304 1592 1555 1635; x_wconf 81' lang='lat' dir='ltr'><strong>Alexandrum,</strong></span> <span class='ocrx_word' id='word_1_232' title='bbox 1567 1592 1648 1625; x_wconf 91' lang='lat' dir='ltr'><strong>dum</strong></span> <span class='ocrx_word' id='word_1_233' title='bbox 1662 1591 1773 1634; x_wconf 82' lang='lat' dir='ltr'><strong>addit,</strong></span> 
     </span>
     <span class='ocr_line' id='line_1_25' title="bbox 284 1635 1770 1679; baseline 0 -13"><span class='ocrx_word' id='word_1_234' title='bbox 284 1642 361 1666; x_wconf 89' lang='lat' dir='ltr'><strong>eum</strong></span> <span class='ocrx_word' id='word_1_235' title='bbox 375 1645 513 1679; x_wconf 88' lang='lat' dir='ltr'><strong>quoque</strong></span> <span class='ocrx_word' id='word_1_236' title='bbox 528 1636 697 1669; x_wconf 90' lang='lat' dir='ltr'><strong>victorem</strong></span> <span class='ocrx_word' id='word_1_237' title='bbox 714 1635 821 1670; x_wconf 84' lang='lat' dir='ltr'><strong>fuisse</strong></span> <span class='ocrx_word' id='word_1_238' title='bbox 837 1637 975 1679; x_wconf 85' lang='lat' dir='ltr'><strong>injustis</strong></span> <span class='ocrx_word' id='word_1_239' title='bbox 992 1637 1147 1670; x_wconf 87' lang='lat' dir='ltr'><strong>caedibus</strong></span> <span class='ocrx_word' id='word_1_240' title='bbox 1163 1638 1309 1670; x_wconf 83' lang='lat' dir='ltr'><strong>totidem</strong></span> <span class='ocrx_word' id='word_1_241' title='bbox 1325 1637 1522 1670; x_wconf 86' lang='lat' dir='ltr'><strong>amicorum.</strong></span> <span class='ocrx_word' id='word_1_242' title='bbox 1566 1635 1770 1669; x_wconf 82' lang='lat' dir='ltr'><strong>Perizonius</strong></span> 
     </span>
     <span class='ocr_line' id='line_1_26' title="bbox 283 1678 1769 1724; baseline 0.001 -14"><span class='ocrx_word' id='word_1_243' title='bbox 283 1678 465 1720; x_wconf 85' lang='lat' dir='ltr'><strong>ingeniose</strong></span> <span class='ocrx_word' id='word_1_244' title='bbox 495 1680 663 1723; x_wconf 89' lang='lat' dir='ltr'><strong>conjicit:</strong></span> <span class='ocrx_word' id='word_1_245' title='bbox 686 1681 770 1714; x_wconf 80' lang='lat' dir='ltr'><strong>victo</strong></span> <span class='ocrx_word' id='word_1_246' title='bbox 797 1682 949 1722; x_wconf 81' lang='lat' dir='ltr'><strong>reddidit,</strong></span> <span class='ocrx_word' id='word_1_247' title='bbox 975 1682 998 1714; x_wconf 93' lang='lat' dir='ltr'><strong>i.</strong></span> <span class='ocrx_word' id='word_1_248' title='bbox 1022 1692 1055 1715; x_wconf 91' lang='lat' dir='ltr'><strong>e.</strong></span> <span class='ocrx_word' id='word_1_249' title='bbox 1079 1691 1214 1714; x_wconf 92' lang='lat' dir='ltr'><strong>omnem</strong></span> <span class='ocrx_word' id='word_1_250' title='bbox 1245 1682 1400 1724; x_wconf 86' lang='lat' dir='ltr'><strong>gloriam,</strong></span> <span class='ocrx_word' id='word_1_251' title='bbox 1423 1691 1524 1723; x_wconf 89' lang='lat' dir='ltr'><strong>quam</strong></span> <span class='ocrx_word' id='word_1_252' title='bbox 1548 1690 1592 1712; x_wconf 87' lang='lat' dir='ltr'><strong>ex</strong></span> <span class='ocrx_word' id='word_1_253' title='bbox 1615 1678 1769 1713; x_wconf 85' lang='lat' dir='ltr'><strong>victoriis</strong></span> 
     </span>
     <span class='ocr_line' id='line_1_27' title="bbox 284 1723 1769 1768; baseline 0 -13"><span class='ocrx_word' id='word_1_254' title='bbox 284 1728 440 1765; x_wconf 83' lang='lat' dir='ltr'><strong>ceperat,</strong></span> <span class='ocrx_word' id='word_1_255' title='bbox 462 1724 514 1756; x_wconf 87' lang='lat' dir='ltr'><strong>his</strong></span> <span class='ocrx_word' id='word_1_256' title='bbox 533 1725 688 1757; x_wconf 87' lang='lat' dir='ltr'><strong>caedibus</strong></span> <span class='ocrx_word' id='word_1_257' title='bbox 713 1726 810 1768; x_wconf 89' lang='lat' dir='ltr'><strong>quasi</strong></span> <span class='ocrx_word' id='word_1_258' title='bbox 838 1725 964 1767; x_wconf 88' lang='lat' dir='ltr'><strong>amisit,</strong></span> <span class='ocrx_word' id='word_1_259' title='bbox 981 1731 1019 1758; x_wconf 87' lang='lat' dir='ltr'><strong>et</strong></span> <span class='ocrx_word' id='word_1_260' title='bbox 1035 1727 1133 1768; x_wconf 86' lang='lat' dir='ltr'><strong>quasi</strong></span> <span class='ocrx_word' id='word_1_261' title='bbox 1157 1736 1226 1758; x_wconf 90' lang='lat' dir='ltr'><strong>non</strong></span> <span class='ocrx_word' id='word_1_262' title='bbox 1255 1725 1496 1767; x_wconf 86' lang='lat' dir='ltr'><strong>contigissent,</strong></span> <span class='ocrx_word' id='word_1_263' title='bbox 1511 1724 1595 1757; x_wconf 77' lang='lat' dir='ltr'><strong>victo</strong></span> <span class='ocrx_word' id='word_1_264' title='bbox 1610 1723 1694 1756; x_wconf 75' lang='lat' dir='ltr'><strong>hosti</strong></span> <span class='ocrx_word' id='word_1_265' title='bbox 1711 1731 1769 1755; x_wconf 82' lang='lat' dir='ltr'><strong>eas</strong></span> 
     </span>
     <span class='ocr_line' id='line_1_28' title="bbox 285 1767 1769 1811; baseline 0.001 -13"><span class='ocrx_word' id='word_1_266' title='bbox 285 1767 454 1808; x_wconf 81' lang='lat' dir='ltr'><strong>reddidit,</strong></span> <span class='ocrx_word' id='word_1_267' title='bbox 469 1768 550 1800; x_wconf 92' lang='lat' dir='ltr'><strong>dum</strong></span> <span class='ocrx_word' id='word_1_268' title='bbox 581 1769 724 1810; x_wconf 80' lang='lat' dir='ltr'><strong>gloriam</strong></span> <span class='ocrx_word' id='word_1_269' title='bbox 750 1779 846 1802; x_wconf 82' lang='lat' dir='ltr'><strong>suam</strong></span> <span class='ocrx_word' id='word_1_270' title='bbox 864 1770 967 1811; x_wconf 87' lang='lat' dir='ltr'><strong>plane</strong></span> <span class='ocrx_word' id='word_1_271' title='bbox 991 1770 1242 1811; x_wconf 80' lang='lat' dir='ltr'><strong>pessumdedit.</strong></span> <span class='ocrx_word' id='word_1_272' title='bbox 1289 1770 1454 1802; x_wconf 90' lang='lat' dir='ltr'><strong>Ceterum</strong></span> <span class='ocrx_word' id='word_1_273' title='bbox 1471 1770 1647 1810; x_wconf 83' lang='lat' dir='ltr'><strong>Rupertus</strong></span> <span class='ocrx_word' id='word_1_274' title='bbox 1671 1771 1769 1800; x_wconf 86' lang='lat' dir='ltr'><strong>recte</strong></span> 
     </span>
     <span class='ocr_line' id='line_1_29' title="bbox 285 1810 1768 1858; baseline 0.001 -16"><span class='ocrx_word' id='word_1_275' title='bbox 285 1811 461 1852; x_wconf 85' lang='lat' dir='ltr'><strong>observat,</strong></span> <span class='ocrx_word' id='word_1_276' title='bbox 476 1813 729 1854; x_wconf 88' lang='lat' dir='ltr'><strong>Lysimachum,</strong></span> <span class='ocrx_word' id='word_1_277' title='bbox 747 1814 806 1858; x_wconf 91' lang='lat' dir='ltr'><strong>qui</strong></span> <span class='ocrx_word' id='word_1_278' title='bbox 819 1814 911 1846; x_wconf 91' lang='lat' dir='ltr'><strong>leoni</strong></span> <span class='ocrx_word' id='word_1_279' title='bbox 928 1813 1083 1855; x_wconf 84' lang='lat' dir='ltr'><strong>objectus</strong></span> <span class='ocrx_word' id='word_1_280' title='bbox 1099 1818 1189 1855; x_wconf 91' lang='lat' dir='ltr'><strong>erat,</strong></span> <span class='ocrx_word' id='word_1_281' title='bbox 1203 1813 1312 1846; x_wconf 84' lang='lat' dir='ltr'><strong>feram</strong></span> <span class='ocrx_word' id='word_1_282' title='bbox 1326 1814 1553 1853; x_wconf 85' lang='lat' dir='ltr'><strong>exanimasse,</strong></span> <span class='ocrx_word' id='word_1_283' title='bbox 1567 1811 1660 1844; x_wconf 86' lang='lat' dir='ltr'><strong>unde</strong></span> <span class='ocrx_word' id='word_1_284' title='bbox 1671 1810 1768 1844; x_wconf 87' lang='lat' dir='ltr'><strong>vide-</strong></span> 
     </span>
     <span class='ocr_line' id='line_1_30' title="bbox 285 1856 1770 1901; baseline 0 -13"><span class='ocrx_word' id='word_1_285' title='bbox 285 1859 342 1888; x_wconf 89' lang='lat' dir='ltr'><strong>tur</strong></span> <span class='ocrx_word' id='word_1_286' title='bbox 367 1856 748 1900; x_wconf 75' lang='lat' dir='ltr'><strong>Valeriuscogitatum</strong></span> <span class='ocrx_word' id='word_1_287' title='bbox 773 1858 887 1892; x_wconf 86' lang='lat' dir='ltr'><strong>scelus</strong></span> <span class='ocrx_word' id='word_1_288' title='bbox 915 1857 1111 1891; x_wconf 86' lang='lat' dir='ltr'><strong>Alexandri</strong></span> <span class='ocrx_word' id='word_1_289' title='bbox 1133 1868 1197 1901; x_wconf 88' lang='lat' dir='ltr'><strong>pro</strong></span> <span class='ocrx_word' id='word_1_290' title='bbox 1226 1856 1386 1901; x_wconf 83' lang='lat' dir='ltr'><strong>perfecto</strong></span> <span class='ocrx_word' id='word_1_291' title='bbox 1411 1856 1593 1890; x_wconf 76' lang='lat' dir='ltr'><strong>sumsisse:</strong></span> <span class='ocrx_word' id='word_1_292' title='bbox 1614 1856 1770 1898; x_wconf 81' lang='lat' dir='ltr'><strong>Kapp.--</strong></span> 
     </span>
    </p>
   </div>
   <div class='ocr_carea' id='block_1_6' title="bbox 951 1956 1114 2011">
    <p class='ocr_par' dir='ltr' id='par_1_7' title="bbox 951 1956 1114 2011">
     <span class='ocr_line' id='line_1_31' title="bbox 951 1956 1114 2011; baseline -0.006 -20"><span class='ocrx_word' id='word_1_293' title='bbox 951 1957 986 1991; x_wconf 89' lang='lat' dir='ltr'>N</span> <span class='ocrx_word' id='word_1_294' title='bbox 989 1956 1095 1991; x_wconf 73' lang='lat' dir='ltr'>01¹AE</span> <span class='ocrx_word' id='word_1_295' title='bbox 1110 2008 1114 2011; x_wconf 24' lang='grc' dir='ltr'><strong>Δ</strong></span> 
     </span>
    </p>
   </div>
   <div class='ocr_carea' id='block_1_7' title="bbox 282 2031 1781 2179">
    <p class='ocr_par' dir='ltr' id='par_1_8' title="bbox 282 2031 1781 2179">
     <span class='ocr_line' id='line_1_32' title="bbox 327 2031 1432 2077; baseline 0.003 -12"><span class='ocrx_word' id='word_1_296' title='bbox 327 2031 343 2054; x_wconf 68' lang='lat'><strong>¹¹</strong></span> <span class='ocrx_word' id='word_1_297' title='bbox 357 2033 579 2076; x_wconf 81' lang='lat' dir='ltr'><strong>Lysimachus]</strong></span> <span class='ocrx_word' id='word_1_298' title='bbox 613 2034 683 2069; x_wconf 84' lang='lat' dir='ltr'><strong>Qui</strong></span> <span class='ocrx_word' id='word_1_299' title='bbox 709 2039 790 2077; x_wconf 86' lang='lat' dir='ltr'><strong>post</strong></span> <span class='ocrx_word' id='word_1_300' title='bbox 805 2034 998 2067; x_wconf 87' lang='lat' dir='ltr'><strong>Alexandri</strong></span> <span class='ocrx_word' id='word_1_301' title='bbox 1054 2034 1146 2077; x_wconf 85' lang='lat' dir='ltr'><strong>apud</strong></span> <span class='ocrx_word' id='word_1_302' title='bbox 1160 2034 1293 2077; x_wconf 87' lang='lat' dir='ltr'><strong>Regem</strong></span> <span class='ocrx_word' id='word_1_303' title='bbox 1309 2034 1432 2076; x_wconf 83' lang='lat' dir='ltr'><strong>gratia.</strong></span> 
     </span>
     <span class='ocr_line' id='line_1_33' title="bbox 283 2083 1767 2130; baseline -0.001 -13"><span class='ocrx_word' id='word_1_304' title='bbox 283 2090 430 2118; x_wconf 90' lang='lat' dir='ltr'><strong>mortem</strong></span> <span class='ocrx_word' id='word_1_305' title='bbox 455 2086 612 2119; x_wconf 82' lang='lat' dir='ltr'><strong>Thraciae</strong></span> <span class='ocrx_word' id='word_1_306' title='bbox 636 2091 673 2120; x_wconf 93' lang='lat' dir='ltr'><strong>et</strong></span> <span class='ocrx_word' id='word_1_307' title='bbox 690 2086 909 2119; x_wconf 67' lang='lat' dir='ltr'><strong>Macedoniae</strong></span> <span class='ocrx_word' id='word_1_308' title='bbox 935 2086 997 2118; x_wconf 89' lang='lat' dir='ltr'><strong>im·</strong></span> <span class='ocrx_word' id='word_1_309' title='bbox 1097 2091 1120 2108; x_wconf 84' lang='lat'><strong>¹²¹</strong></span> <span class='ocrx_word' id='word_1_310' title='bbox 1149 2086 1277 2130; x_wconf 77' lang='lat' dir='ltr'><strong>Clytus]</strong></span> <span class='ocrx_word' id='word_1_311' title='bbox 1315 2087 1423 2129; x_wconf 88' lang='lat' dir='ltr'><strong>Cujus</strong></span> <span class='ocrx_word' id='word_1_312' title='bbox 1453 2093 1551 2118; x_wconf 84' lang='lat' dir='ltr'><strong>soror</strong></span> <span class='ocrx_word' id='word_1_313' title='bbox 1581 2083 1767 2116; x_wconf 86' lang='lat' dir='ltr'><strong>Hellanice</strong></span> 
     </span>
     <span class='ocr_line' id='line_1_34' title="bbox 282 2133 1781 2179; baseline -0.001 -10"><span class='ocrx_word' id='word_1_314' title='bbox 282 2136 433 2179; x_wconf 86' lang='lat' dir='ltr'><strong>peravit,</strong></span> <span class='ocrx_word' id='word_1_315' title='bbox 449 2141 487 2170; x_wconf 92' lang='lat' dir='ltr'><strong>et</strong></span> <span class='ocrx_word' id='word_1_316' title='bbox 511 2138 696 2171; x_wconf 89' lang='lat' dir='ltr'><strong>admodum</strong></span> <span class='ocrx_word' id='word_1_317' title='bbox 720 2148 828 2171; x_wconf 84' lang='lat' dir='ltr'><strong>senex</strong></span> <span class='ocrx_word' id='word_1_318' title='bbox 845 2148 923 2170; x_wconf 90' lang='lat' dir='ltr'><strong>cum</strong></span> <span class='ocrx_word' id='word_1_319' title='bbox 939 2138 998 2171; x_wconf 88' lang='lat' dir='ltr'><strong>Se·</strong></span> <span class='ocrx_word' id='word_1_320' title='bbox 1053 2137 1293 2171; x_wconf 90' lang='lat' dir='ltr'><strong>Alexandrum</strong></span> <span class='ocrx_word' id='word_1_321' title='bbox 1332 2138 1565 2170; x_wconf 83' lang='lat' dir='ltr'><strong>educaverat:</strong></span> <span class='ocrx_word' id='word_1_322' title='bbox 1611 2145 1691 2168; x_wconf 88' lang='lat' dir='ltr'><strong>cum</strong></span> <span class='ocrx_word' id='word_1_323' title='bbox 1729 2133 1781 2167; x_wconf 29' lang='lat' dir='ltr'><strong>inr</strong></span> 
     </span>
    </p>
   </div>
   <div class='ocr_carea' id='block_1_8' title="bbox 282 2189 1000 2853">
    <p class='ocr_par' dir='ltr' id='par_1_9' title="bbox 282 2189 1000 2853">
     <span class='ocr_line' id='line_1_35' title="bbox 282 2189 920 2224; baseline 0.003 -3"><span class='ocrx_word' id='word_1_324' title='bbox 282 2189 382 2222; x_wconf 91' lang='lat' dir='ltr'><strong>leuco</strong></span> <span class='ocrx_word' id='word_1_325' title='bbox 400 2189 579 2222; x_wconf 87' lang='lat' dir='ltr'><strong>Nicanore</strong></span> <span class='ocrx_word' id='word_1_326' title='bbox 595 2189 764 2223; x_wconf 90' lang='lat' dir='ltr'><strong>dimicans</strong></span> <span class='ocrx_word' id='word_1_327' title='bbox 779 2190 920 2224; x_wconf 87' lang='lat' dir='ltr'><strong>cecidit.</strong></span> 
     </span>
     <span class='ocr_line' id='line_1_36' title="bbox 328 2240 998 2283; baseline -0.001 -9"><span class='ocrx_word' id='word_1_328' title='bbox 328 2240 450 2274; x_wconf 77' lang='lat' dir='ltr'><strong>¹Leoni</strong></span> <span class='ocrx_word' id='word_1_329' title='bbox 464 2240 616 2283; x_wconf 78' lang='lat' dir='ltr'><strong>objectus]</strong></span> <span class='ocrx_word' id='word_1_330' title='bbox 636 2242 679 2274; x_wconf 93' lang='lat' dir='ltr'><strong>Id</strong></span> <span class='ocrx_word' id='word_1_331' title='bbox 695 2247 733 2274; x_wconf 93' lang='lat' dir='ltr'><strong>ut</strong></span> <span class='ocrx_word' id='word_1_332' title='bbox 748 2252 878 2275; x_wconf 89' lang='lat' dir='ltr'><strong>meram</strong></span> <span class='ocrx_word' id='word_1_333' title='bbox 900 2240 998 2274; x_wconf 80' lang='lat' dir='ltr'><strong>fabu-</strong></span> 
     </span>
     <span class='ocr_line' id='line_1_37' title="bbox 282 2293 996 2337; baseline -0.001 -11"><span class='ocrx_word' id='word_1_334' title='bbox 282 2294 350 2326; x_wconf 90' lang='lat' dir='ltr'><strong>lam</strong></span> <span class='ocrx_word' id='word_1_335' title='bbox 366 2293 530 2337; x_wconf 89' lang='lat' dir='ltr'><strong>repudiat</strong></span> <span class='ocrx_word' id='word_1_336' title='bbox 546 2294 685 2327; x_wconf 89' lang='lat' dir='ltr'><strong>Curtius</strong></span> <span class='ocrx_word' id='word_1_337' title='bbox 700 2306 709 2335; x_wconf 90' lang='lat'>;</span> <span class='ocrx_word' id='word_1_338' title='bbox 738 2299 778 2327; x_wconf 89' lang='lat' dir='ltr'><strong>ut</strong></span> <span class='ocrx_word' id='word_1_339' title='bbox 793 2304 911 2328; x_wconf 86' lang='lat' dir='ltr'><strong>veram</strong></span> <span class='ocrx_word' id='word_1_340' title='bbox 926 2293 996 2326; x_wconf 89' lang='lat' dir='ltr'><strong>his-</strong></span> 
     </span>
     <span class='ocr_line' id='line_1_38' title="bbox 285 2345 997 2388; baseline -0.001 -10"><span class='ocrx_word' id='word_1_341' title='bbox 285 2345 408 2378; x_wconf 89' lang='lat' dir='ltr'><strong>toriam</strong></span> <span class='ocrx_word' id='word_1_342' title='bbox 427 2345 555 2388; x_wconf 86' lang='lat' dir='ltr'><strong>probat</strong></span> <span class='ocrx_word' id='word_1_343' title='bbox 574 2346 745 2379; x_wconf 82' lang='lat' dir='ltr'><strong>Justinus.</strong></span> <span class='ocrx_word' id='word_1_344' title='bbox 783 2347 879 2379; x_wconf 75' lang='lat' dir='ltr'><strong>‘Cum</strong></span> <span class='ocrx_word' id='word_1_345' title='bbox 904 2345 997 2378; x_wconf 64' lang='lat' dir='ltr'><strong>illius</strong></span> 
     </span>
     <span class='ocr_line' id='line_1_39' title="bbox 282 2397 997 2439; baseline 0.001 -11"><span class='ocrx_word' id='word_1_346' title='bbox 282 2401 481 2439; x_wconf 82' lang='lat' dir='ltr'><strong>praeceptor</strong></span> <span class='ocrx_word' id='word_1_347' title='bbox 506 2397 734 2430; x_wconf 89' lang='lat' dir='ltr'><strong>Callisthenes</strong></span> <span class='ocrx_word' id='word_1_348' title='bbox 764 2397 859 2429; x_wconf 89' lang='lat' dir='ltr'><strong>miris</strong></span> <span class='ocrx_word' id='word_1_349' title='bbox 887 2397 997 2430; x_wconf 90' lang='lat' dir='ltr'><strong>modis</strong></span> 
     </span>
     <span class='ocr_line' id='line_1_40' title="bbox 283 2448 997 2492; baseline -0.004 -10"><span class='ocrx_word' id='word_1_350' title='bbox 283 2452 522 2492; x_wconf 87' lang='lat' dir='ltr'><strong>torqueretur,</strong></span> <span class='ocrx_word' id='word_1_351' title='bbox 547 2449 772 2491; x_wconf 82' lang='lat' dir='ltr'><strong>Lysimachus</strong></span> <span class='ocrx_word' id='word_1_352' title='bbox 802 2448 997 2481; x_wconf 87' lang='lat' dir='ltr'><strong>misericor-</strong></span> 
     </span>
     <span class='ocr_line' id='line_1_41' title="bbox 284 2499 996 2540; baseline 0 -8"><span class='ocrx_word' id='word_1_353' title='bbox 284 2500 341 2533; x_wconf 90' lang='lat' dir='ltr'><strong>dia</strong></span> <span class='ocrx_word' id='word_1_354' title='bbox 356 2503 468 2533; x_wconf 87' lang='lat' dir='ltr'><strong>motus</strong></span> <span class='ocrx_word' id='word_1_355' title='bbox 482 2510 650 2534; x_wconf 89' lang='lat' dir='ltr'><strong>venenum</strong></span> <span class='ocrx_word' id='word_1_356' title='bbox 665 2501 698 2533; x_wconf 90' lang='lat' dir='ltr'><strong>ei</strong></span> <span class='ocrx_word' id='word_1_357' title='bbox 713 2500 850 2534; x_wconf 89' lang='lat' dir='ltr'><strong>dedisse</strong></span> <span class='ocrx_word' id='word_1_358' title='bbox 862 2499 996 2540; x_wconf 80' lang='lat' dir='ltr'><strong>fertur3</strong></span> 
     </span>
     <span class='ocr_line' id='line_1_42' title="bbox 283 2551 997 2595; baseline 0 -11"><span class='ocrx_word' id='word_1_359' title='bbox 283 2552 432 2595; x_wconf 88' lang='lat' dir='ltr'><strong>ideoque</strong></span> <span class='ocrx_word' id='word_1_360' title='bbox 440 2552 540 2595; x_wconf 87' lang='lat' dir='ltr'><strong>jussu</strong></span> <span class='ocrx_word' id='word_1_361' title='bbox 555 2551 749 2585; x_wconf 86' lang='lat' dir='ltr'><strong>Alexandri</strong></span> <span class='ocrx_word' id='word_1_362' title='bbox 772 2552 933 2595; x_wconf 87' lang='lat' dir='ltr'><strong>objicitur</strong></span> <span class='ocrx_word' id='word_1_363' title='bbox 947 2552 997 2584; x_wconf 86' lang='lat' dir='ltr'><strong>le·</strong></span> 
     </span>
     <span class='ocr_line' id='line_1_43' title="bbox 285 2603 998 2646; baseline 0.001 -11"><span class='ocrx_word' id='word_1_364' title='bbox 285 2603 363 2636; x_wconf 88' lang='lat' dir='ltr'><strong>oni:</strong></span> <span class='ocrx_word' id='word_1_365' title='bbox 397 2608 434 2636; x_wconf 89' lang='lat' dir='ltr'><strong>at</strong></span> <span class='ocrx_word' id='word_1_366' title='bbox 460 2603 520 2636; x_wconf 89' lang='lat' dir='ltr'><strong>ille</strong></span> <span class='ocrx_word' id='word_1_367' title='bbox 547 2604 633 2637; x_wconf 87' lang='lat' dir='ltr'><strong>nihil</strong></span> <span class='ocrx_word' id='word_1_368' title='bbox 659 2604 805 2637; x_wconf 87' lang='lat' dir='ltr'><strong>territus</strong></span> <span class='ocrx_word' id='word_1_369' title='bbox 821 2603 998 2646; x_wconf 87' lang='lat' dir='ltr'><strong>manipulo</strong></span> 
     </span>
     <span class='ocr_line' id='line_1_44' title="bbox 284 2654 999 2688; baseline 0 -2"><span class='ocrx_word' id='word_1_370' title='bbox 284 2654 473 2687; x_wconf 84' lang='lat' dir='ltr'><strong>involutam</strong></span> <span class='ocrx_word' id='word_1_371' title='bbox 490 2664 628 2688; x_wconf 89' lang='lat' dir='ltr'><strong>manum</strong></span> <span class='ocrx_word' id='word_1_372' title='bbox 639 2655 675 2687; x_wconf 89' lang='lat' dir='ltr'><strong>in</strong></span> <span class='ocrx_word' id='word_1_373' title='bbox 686 2665 724 2688; x_wconf 90' lang='lat' dir='ltr'><strong>os</strong></span> <span class='ocrx_word' id='word_1_374' title='bbox 738 2655 848 2687; x_wconf 88' lang='lat' dir='ltr'><strong>leonis</strong></span> <span class='ocrx_word' id='word_1_375' title='bbox 863 2655 999 2687; x_wconf 86' lang='lat' dir='ltr'><strong>immer-</strong></span> 
     </span>
     <span class='ocr_line' id='line_1_45' title="bbox 286 2706 998 2750; baseline 0 -12"><span class='ocrx_word' id='word_1_376' title='bbox 286 2707 350 2748; x_wconf 85' lang='lat' dir='ltr'><strong>git,</strong></span> <span class='ocrx_word' id='word_1_377' title='bbox 366 2710 584 2750; x_wconf 83' lang='lat' dir='ltr'><strong>arreptaque·</strong></span> <span class='ocrx_word' id='word_1_378' title='bbox 602 2707 732 2750; x_wconf 83' lang='lat' dir='ltr'><strong>lingua,</strong></span> <span class='ocrx_word' id='word_1_379' title='bbox 754 2706 862 2739; x_wconf 88' lang='lat' dir='ltr'><strong>feram</strong></span> <span class='ocrx_word' id='word_1_380' title='bbox 879 2706 998 2739; x_wconf 85' lang='lat' dir='ltr'><strong>exani-</strong></span> 
     </span>
     <span class='ocr_line' id='line_1_46' title="bbox 286 2759 999 2801; baseline 0.001 -11"><span class='ocrx_word' id='word_1_381' title='bbox 286 2762 380 2790; x_wconf 88' lang='lat' dir='ltr'><strong>mat:</strong></span> <span class='ocrx_word' id='word_1_382' title='bbox 413 2759 504 2801; x_wconf 92' lang='lat' dir='ltr'><strong>quod</strong></span> <span class='ocrx_word' id='word_1_383' title='bbox 529 2763 569 2791; x_wconf 92' lang='lat' dir='ltr'><strong>ut</strong></span> <span class='ocrx_word' id='word_1_384' title='bbox 596 2759 792 2792; x_wconf 86' lang='lat' dir='ltr'><strong>nuntiatum</strong></span> <span class='ocrx_word' id='word_1_385' title='bbox 817 2759 906 2801; x_wconf 85' lang='lat' dir='ltr'><strong>Regi</strong></span> <span class='ocrx_word' id='word_1_386' title='bbox 930 2762 999 2800; x_wconf 88' lang='lat' dir='ltr'><strong>est,</strong></span> 
     </span>
     <span class='ocr_line' id='line_1_47' title="bbox 286 2810 1000 2853; baseline 0 -10"><span class='ocrx_word' id='word_1_387' title='bbox 286 2820 451 2844; x_wconf 84' lang='lat' dir='ltr'><strong>concessa</strong></span> <span class='ocrx_word' id='word_1_388' title='bbox 467 2811 670 2853; x_wconf 84' lang='lat' dir='ltr'><strong>Lysimacho</strong></span> <span class='ocrx_word' id='word_1_389' title='bbox 686 2816 722 2845; x_wconf 87' lang='lat' dir='ltr'><strong>et</strong></span> <span class='ocrx_word' id='word_1_390' title='bbox 736 2811 819 2853; x_wconf 81' lang='lat' dir='ltr'><strong>vita,</strong></span> <span class='ocrx_word' id='word_1_391' title='bbox 839 2815 875 2844; x_wconf 86' lang='lat' dir='ltr'><strong>et</strong></span> <span class='ocrx_word' id='word_1_392' title='bbox 890 2810 1000 2853; x_wconf 84' lang='lat' dir='ltr'><strong>major</strong></span> 
     </span>
    </p>
   </div>
   <div class='ocr_carea' id='block_1_9' title="bbox 1052 2185 1771 2854">
    <p class='ocr_par' dir='ltr' id='par_1_10' title="bbox 1052 2185 1771 2854">
     <span class='ocr_line' id='line_1_48' title="bbox 1054 2185 1769 2222; baseline -0.004 0"><span class='ocrx_word' id='word_1_393' title='bbox 1054 2199 1134 2222; x_wconf 90' lang='lat' dir='ltr'><strong>eum</strong></span> <span class='ocrx_word' id='word_1_394' title='bbox 1147 2199 1342 2222; x_wconf 88' lang='lat' dir='ltr'><strong>sermonem</strong></span> <span class='ocrx_word' id='word_1_395' title='bbox 1365 2186 1567 2221; x_wconf 80' lang='lat' dir='ltr'><strong>Alexander</strong></span> <span class='ocrx_word' id='word_1_396' title='bbox 1581 2190 1619 2220; x_wconf 90' lang='lat' dir='ltr'><strong>et</strong></span> <span class='ocrx_word' id='word_1_397' title='bbox 1634 2185 1769 2219; x_wconf 82' lang='lat' dir='ltr'><strong>exerci-</strong></span> 
     </span>
     <span class='ocr_line' id='line_1_49' title="bbox 1055 2238 1768 2284; baseline -0.008 -9"><span class='ocrx_word' id='word_1_398' title='bbox 1055 2248 1110 2275; x_wconf 81' lang='lat' dir='ltr'><strong>tus</strong></span> <span class='ocrx_word' id='word_1_399' title='bbox 1126 2242 1235 2275; x_wconf 88' lang='lat' dir='ltr'><strong>duces</strong></span> <span class='ocrx_word' id='word_1_400' title='bbox 1251 2251 1356 2284; x_wconf 90' lang='lat' dir='ltr'><strong>super</strong></span> <span class='ocrx_word' id='word_1_401' title='bbox 1371 2250 1524 2273; x_wconf 88' lang='lat' dir='ltr'><strong>mensam</strong></span> <span class='ocrx_word' id='word_1_402' title='bbox 1537 2238 1768 2277; x_wconf 79' lang='lat' dir='ltr'><strong>incidissent3</strong></span> 
     </span>
     <span class='ocr_line' id='line_1_50' title="bbox 1052 2289 1771 2336; baseline -0.007 -10"><span class='ocrx_word' id='word_1_403' title='bbox 1052 2299 1144 2336; x_wconf 88' lang='lat' dir='ltr'><strong>uter,</strong></span> <span class='ocrx_word' id='word_1_404' title='bbox 1155 2293 1353 2335; x_wconf 90' lang='lat' dir='ltr'><strong>Philippus,</strong></span> <span class='ocrx_word' id='word_1_405' title='bbox 1375 2303 1418 2324; x_wconf 84' lang='lat' dir='ltr'><strong>an</strong></span> <span class='ocrx_word' id='word_1_406' title='bbox 1434 2289 1649 2331; x_wconf 82' lang='lat' dir='ltr'><strong>Alexander,</strong></span> <span class='ocrx_word' id='word_1_407' title='bbox 1674 2292 1771 2322; x_wconf 83' lang='lat' dir='ltr'><strong>esset</strong></span> 
     </span>
     <span class='ocr_line' id='line_1_51' title="bbox 1053 2343 1767 2388; baseline -0.007 -10"><span class='ocrx_word' id='word_1_408' title='bbox 1053 2346 1155 2378; x_wconf 81' lang='lat' dir='ltr'><strong>rebus</strong></span> <span class='ocrx_word' id='word_1_409' title='bbox 1182 2345 1289 2388; x_wconf 86' lang='lat' dir='ltr'><strong>gestis</strong></span> <span class='ocrx_word' id='word_1_410' title='bbox 1310 2344 1500 2384; x_wconf 90' lang='lat' dir='ltr'><strong>illustrior;</strong></span> <span class='ocrx_word' id='word_1_411' title='bbox 1533 2343 1683 2385; x_wconf 87' lang='lat' dir='ltr'><strong>juvenes</strong></span> <span class='ocrx_word' id='word_1_412' title='bbox 1697 2350 1767 2374; x_wconf 88' lang='lat' dir='ltr'><strong>non</strong></span> 
     </span>
     <span class='ocr_line' id='line_1_52' title="bbox 1052 2392 1769 2440; baseline -0.007 -11"><span class='ocrx_word' id='word_1_413' title='bbox 1052 2397 1219 2440; x_wconf 86' lang='lat' dir='ltr'><strong>Philippo</strong></span> <span class='ocrx_word' id='word_1_414' title='bbox 1236 2400 1382 2437; x_wconf 85' lang='lat' dir='ltr'><strong>tantum,</strong></span> <span class='ocrx_word' id='word_1_415' title='bbox 1407 2396 1470 2428; x_wconf 87' lang='lat' dir='ltr'><strong>sed</strong></span> <span class='ocrx_word' id='word_1_416' title='bbox 1495 2395 1639 2427; x_wconf 86' lang='lat' dir='ltr'><strong>Baccho</strong></span> <span class='ocrx_word' id='word_1_417' title='bbox 1661 2392 1769 2425; x_wconf 87' lang='lat' dir='ltr'><strong>etiam</strong></span> 
     </span>
     <span class='ocr_line' id='line_1_53' title="bbox 1052 2444 1767 2490; baseline -0.008 -9"><span class='ocrx_word' id='word_1_418' title='bbox 1052 2448 1313 2488; x_wconf 82' lang='lat' dir='ltr'><strong>Alexandrum3</strong></span> <span class='ocrx_word' id='word_1_419' title='bbox 1350 2447 1474 2490; x_wconf 88' lang='lat' dir='ltr'><strong>Clytus</strong></span> <span class='ocrx_word' id='word_1_420' title='bbox 1503 2455 1585 2479; x_wconf 91' lang='lat' dir='ltr'><strong>vero</strong></span> <span class='ocrx_word' id='word_1_421' title='bbox 1613 2444 1767 2477; x_wconf 83' lang='lat' dir='ltr'><strong>Alexan-</strong></span> 
     </span>
     <span class='ocr_line' id='line_1_54' title="bbox 1053 2495 1768 2542; baseline -0.007 -11"><span class='ocrx_word' id='word_1_422' title='bbox 1053 2499 1116 2531; x_wconf 89' lang='lat' dir='ltr'><strong>dro</strong></span> <span class='ocrx_word' id='word_1_423' title='bbox 1144 2499 1346 2542; x_wconf 85' lang='lat' dir='ltr'><strong>Philippum</strong></span> <span class='ocrx_word' id='word_1_424' title='bbox 1371 2497 1551 2541; x_wconf 82' lang='lat' dir='ltr'><strong>praetulit:</strong></span> <span class='ocrx_word' id='word_1_425' title='bbox 1583 2495 1664 2528; x_wconf 90' lang='lat' dir='ltr'><strong>inde</strong></span> <span class='ocrx_word' id='word_1_426' title='bbox 1689 2498 1768 2528; x_wconf 88' lang='lat' dir='ltr'><strong>orto</strong></span> 
     </span>
     <span class='ocr_line' id='line_1_55' title="bbox 1053 2546 1769 2593; baseline -0.007 -10"><span class='ocrx_word' id='word_1_427' title='bbox 1053 2551 1193 2593; x_wconf 83' lang='lat' dir='ltr'><strong>Clytum</strong></span> <span class='ocrx_word' id='word_1_428' title='bbox 1218 2551 1310 2582; x_wconf 87' lang='lat' dir='ltr'><strong>inter</strong></span> <span class='ocrx_word' id='word_1_429' title='bbox 1325 2553 1362 2582; x_wconf 90' lang='lat' dir='ltr'><strong>et</strong></span> <span class='ocrx_word' id='word_1_430' title='bbox 1385 2547 1624 2582; x_wconf 88' lang='lat' dir='ltr'><strong>Alexandrum</strong></span> <span class='ocrx_word' id='word_1_431' title='bbox 1639 2546 1769 2590; x_wconf 80' lang='lat' dir='ltr'><strong>jurgio,</strong></span> 
     </span>
     <span class='ocr_line' id='line_1_56' title="bbox 1052 2597 1769 2644; baseline -0.006 -10"><span class='ocrx_word' id='word_1_432' title='bbox 1052 2601 1227 2644; x_wconf 87' lang='lat' dir='ltr'><strong>impotens</strong></span> <span class='ocrx_word' id='word_1_433' title='bbox 1253 2600 1358 2633; x_wconf 87' lang='lat' dir='ltr'><strong>animi</strong></span> <span class='ocrx_word' id='word_1_434' title='bbox 1381 2600 1583 2633; x_wconf 89' lang='lat' dir='ltr'><strong>Alexander</strong></span> <span class='ocrx_word' id='word_1_435' title='bbox 1607 2599 1643 2631; x_wconf 88' lang='lat' dir='ltr'><strong>in</strong></span> <span class='ocrx_word' id='word_1_436' title='bbox 1669 2597 1769 2631; x_wconf 82' lang='lat' dir='ltr'><strong>aditu</strong></span> 
     </span>
     <span class='ocr_line' id='line_1_57' title="bbox 1054 2651 1770 2694; baseline -0.007 -7"><span class='ocrx_word' id='word_1_437' title='bbox 1054 2654 1205 2687; x_wconf 85' lang='lat' dir='ltr'><strong>cubiculi</strong></span> <span class='ocrx_word' id='word_1_438' title='bbox 1221 2663 1299 2686; x_wconf 92' lang='lat' dir='ltr'><strong>cum</strong></span> <span class='ocrx_word' id='word_1_439' title='bbox 1314 2653 1415 2685; x_wconf 88' lang='lat' dir='ltr'><strong>hasta</strong></span> <span class='ocrx_word' id='word_1_440' title='bbox 1430 2652 1600 2694; x_wconf 88' lang='lat' dir='ltr'><strong>constitit,</strong></span> <span class='ocrx_word' id='word_1_441' title='bbox 1613 2651 1770 2694; x_wconf 52' lang='lat' dir='ltr'><strong>Clytum*</strong></span> 
     </span>
     <span class='ocr_line' id='line_1_58' title="bbox 1055 2701 1767 2749; baseline -0.007 -11"><span class='ocrx_word' id='word_1_442' title='bbox 1055 2715 1135 2749; x_wconf 90' lang='lat' dir='ltr'><strong>que,</strong></span> <span class='ocrx_word' id='word_1_443' title='bbox 1157 2706 1238 2738; x_wconf 90' lang='lat' dir='ltr'><strong>dum</strong></span> <span class='ocrx_word' id='word_1_444' title='bbox 1265 2704 1339 2737; x_wconf 88' lang='lat' dir='ltr'><strong>exit</strong></span> <span class='ocrx_word' id='word_1_445' title='bbox 1362 2705 1436 2737; x_wconf 86' lang='lat' dir='ltr'><strong>sine</strong></span> <span class='ocrx_word' id='word_1_446' title='bbox 1456 2703 1599 2744; x_wconf 86' lang='lat' dir='ltr'><strong>lumine,</strong></span> <span class='ocrx_word' id='word_1_447' title='bbox 1614 2701 1767 2735; x_wconf 88' lang='lat' dir='ltr'><strong>medium</strong></span> 
     </span>
     <span class='ocr_line' id='line_1_59' title="bbox 1054 2752 1766 2799; baseline -0.008 -8"><span class='ocrx_word' id='word_1_448' title='bbox 1054 2757 1242 2791; x_wconf 85' lang='lat' dir='ltr'><strong>transfixit.</strong></span> <span class='ocrx_word' id='word_1_449' title='bbox 1288 2759 1298 2775; x_wconf 82' lang='lat'><strong>⁴</strong></span> <span class='ocrx_word' id='word_1_450' title='bbox 1315 2757 1332 2789; x_wconf 93' lang='lat' dir='ltr'>I</span> <span class='ocrx_word' id='word_1_451' title='bbox 1347 2755 1596 2799; x_wconf 87' lang='lat' dir='ltr'><strong>nunc,’inquit,</strong></span> <span class='ocrx_word' id='word_1_452' title='bbox 1607 2755 1618 2773; x_wconf 90' lang='lat'>‘</span> <span class='ocrx_word' id='word_1_453' title='bbox 1630 2753 1673 2786; x_wconf 84' lang='lat' dir='ltr'><strong>ad</strong></span> <span class='ocrx_word' id='word_1_454' title='bbox 1683 2752 1766 2785; x_wconf 86' lang='lat' dir='ltr'><strong>Phi-</strong></span> 
     </span>
     <span class='ocr_line' id='line_1_60' title="bbox 1053 2802 1770 2854; baseline -0.007 -11"><span class='ocrx_word' id='word_1_455' title='bbox 1053 2809 1199 2854; x_wconf 86' lang='lat' dir='ltr'><strong>lippum,</strong></span> <span class='ocrx_word' id='word_1_456' title='bbox 1220 2808 1498 2850; x_wconf 81' lang='lat' dir='ltr'><strong>Parmenionem,</strong></span> <span class='ocrx_word' id='word_1_457' title='bbox 1523 2811 1558 2840; x_wconf 85' lang='lat' dir='ltr'><strong>et</strong></span> <span class='ocrx_word' id='word_1_458' title='bbox 1588 2802 1770 2840; x_wconf 61' lang='lat' dir='ltr'><strong>Attalum?</strong></span> 
     </span>
    </p>
   </div>
  </div>
 </body>
</html>
