1878 3132
233 183 319 227 542
628 194 838 225 vitemur
875 193 1067 225 MAxrmr
1104 192 1199 224 mn.
1233 194 1279 224 v.

232 291 421 336 Athenis
440 290 721 334 intolerabile
741 290 879 334 videri
900 290 1055 333 debet:
1086 292 1131 332 in
1154 303 1244 346 qua
1274 290 1383 332 urbe
1405 288 1620 333 adversus
1639 291 1706 333 in-

232 368 381 418 gratos
402 362 522 404 actio
553 362 796 403 constituta
827 365 912 403 est.
974 360 1032 403 Et
1050 365 1200 403 recte:
1232 360 1339 414 quia
1370 359 1500 401 dandi
1521 363 1566 402 et
1586 360 1707 403 acci-

229 431 381 487 piendi
411 429 611 473 beneficii
642 431 972 480 commercium,
997 430 1095 471 sine
1127 443 1219 484 quo
1237 430 1316 472 vix
1345 429 1441 472 vita
1474 429 1706 472 hominum

231 505 426 551 constat,
447 499 592 554 perdit
621 503 663 541 et
692 500 859 551 tollit,⁷¹
891 499 1097 554 quisquis
1127 499 1242 540 bene
1273 499 1427 540 merito
1457 510 1608 553 parem
1639 510 1707 540 re·

228 571 342 613 ferre
363 569 549 624 gratiam
570 568 768 623 negligit.
829 567 1053 619 Quantam
1076 579 1180 622 ergo
1199 567 1582 621 reprehensionem
1603 579 1705 608 ‘me-

228 643 390 692 rentur,
411 639 487 694 qui
509 652 611 681 cum
634 637 899 693 aequissima
910 641 946 670 7Ζ
960 636 1079 692 jura,
1095 636 1172 678 sed
1190 635 1473 690 iniquissima
1492 635 1704 678 haberent

228 709 420 764 ingenia,
442 708 640 750 moribus
670 707 776 757 suis,
797 719 931 761 quam
962 706 1140 759 legibus
1164 706 1232 746 uti
1263 704 1550 746 maluerunt?
1582 703 1702 759 quod

227 779 266 821 si
289 791 379 833 qua
397 776 680 832 providentia
703 776 896 818 Deorum
917 774 1033 817 effici
1064 777 1234 829 posset,
1257 777 1305 815 ut
1333 773 1703 817 excellentissimi

226 847 326 898 viri,
344 861 528 902 quorum
551 847 687 889 modo
708 859 842 888 casus
861 846 1009 897 retuli,
1028 846 1169 901 legem
1187 846 1458 900 ingratorum
1476 845 1699 890 vindicem

225 917 477 967 retinentes,
498 915 691 971 patriam
714 929 840 958 suam
871 916 916 957 in
939 914 1018 970 jus
1040 914 1096 957 ad
1119 915 1253 957 aliam
1282 915 1510 958 civitatem
1532 919 1702 971 pertra-

224 986 393 1037 herent,
424 998 571 1027 nonne
604 984 881 1039 ingeniosum
917 988 961 1027 et
993 984 1214 1039 garrulum
1256 984 1487 1038 populum,
1524 988 1698 1026 mutum

224 1059 359 1110 atque
380 1055 596 1108 elinguem
621 1054 706 1096 hac
727 1053 1032 1108 postulatione
1052 1053 1385 1095 reddidissent?
1446 1052 1699 1096 Discordes

222 1124 315 1166 foci
338 1123 416 1175 tui,
429 1124 648 1178 pagisque
659 1127 693 1154 73
725 1122 908 1165 dividua
929 1122 1118 1177 tuguria,
1143 1121 1337 1164 Graeciae
1356 1122 1478 1165 facta
1500 1125 1602 1166 sunt
1622 1135 1697 1165 co-

221 1191 404 1235 lumen!⁸
461 1191 604 1233 Lucet
638 1190 877 1234 Marathon
907 1191 1103 1233 Persicis
1131 1192 1343 1246 tropaeis:
1377 1191 1572 1235 Salamis
1584 1196 1624 1224 ⁷4
1652 1197 1699 1235 et

220 1260 507 1304 Artemisium
521 1265 540 1283 ¹¹
589 1259 766 1302 Xerxis
805 1259 1035 1314 naufragia
1078 1264 1384 1303 numerantur:
1435 1259 1697 1314 praevalidis

221 1330 431 1372 manibus
447 1333 464 1351 ⁰
495 1328 714 1371 exhausta
729 1332 764 1360 ⁷⁵
795 1328 975 1379 moenia,
998 1327 1326 1383 pulchrioribus
1357 1329 1567 1384 operibus
1588 1341 1696 1372 con-

221 1397 446 1454 surg-untes
473 1397 630 1440 harum
646 1410 789 1439 rerum
806 1401 1008 1440 auctores
1028 1397 1102 1440 ubi
1117 1398 1354 1441 vixerunt?
1386 1397 1465 1440 ubi
1474 1397 1628 1453 jacent
1637 1396 1697 1440 ‘1⁷⁶

261 1564 279 1587 ἢ
298 1566 328 1597 0
341 1566 448 1608 patria
460 1566 601 1607 ingrata,
616 1564 738 1605 tuisoci
752 1565 826 1598 olim
841 1565 946 1604 divisi,
961 1569 993 1598 et
1003 1565 1080 1598 viles
1090 1575 1170 1598 casoe
1181 1568 1245 1598 tuoe
1257 1575 1316 1607 per
1329 1575 1424 1605 agros
1438 1565 1600 1609 dispersa,
1609 1575 1692 1599 sum-

219 1619 338 1643 morum
349 1610 474 1641 illorum
490 1611 630 1642 virorum
641 1610 743 1650 gestis
749 1609 852 1649 factoe
866 1613 940 1642 sunt
954 1611 1092 1642 columen
1105 1609 1203 1641 totius
1221 1610 1370 1641 Graecioe.

261 1652 272 1674 ¹
289 1653 414 1685 Civitas
426 1653 577 1686 moenibus
601 1654 675 1685 olim
698 1653 882 1695 praevalidie
905 1653 1022 1686 dirutis
1047 1663 1165 1695 eversa,
1185 1663 1266 1686 nunc
1296 1651 1512 1686 Themistoclis
1531 1651 1693 1685 industria

213 1696 444 1738 pulchrioribus
457 1696 601 1739 operibus
615 1696 790 1738 consurgit.

834 1788 1072 1805 “deneeeeee

217 1876 254 1904 et
271 1871 372 1913 paulo
389 1874 469 1912 post
485 1869 687 1903 nidera—71
712 1869 829 1902 ‘Ultr.
853 1870 952 1910 prim.
972 1868 1084 1902 Baths
1102 1868 1203 1911 prim.
1231 1870 1314 1902 Vet.
1342 1872 1462 1911 exstat,
1485 1870 1569 1902 tollit
1581 1880 1594 1908 ‚²
1616 1870 1690 1903 Bit.

217 1915 317 1957 prim.
349 1914 448 1946 Leid.
479 1914 591 1956 quint.
614 1916 769 1950 exstaret,
792 1913 905 1951 tollit,·
934 1913 1030 1945 Med.
1052 1914 1152 1954 prim.
1182 1913 1296 1945 Periz.
1321 1923 1434 1954 expers
1461 1914 1566 1953 tollit;
1591 1914 1689 1954 Mog.

215 1961 349 1997 constat,
374 1967 488 1999 expers
514 1957 620 1995 tanim
645 1957 734 1989 unde
750 1957 936 1988 Torrenius
954 1956 1096 1998 conjicit
1110 1960 1244 1996 constat,
1266 1967 1307 1988 ex
1323 1960 1416 1997 parte
1436 1957 1532 1989 tollit.
1577 1957 1691 1989 Perdit

214 2005 244 2034 et
262 2001 399 2034 omnino
415 2003 613 2041 suspectum
630 1999 707 2032 est.’
730 2000 928 2041 Kapp.-—72
952 2000 1079 2041 Ultraj.
1102 2000 1363 2041 exquisitissima.
1388 2000 1498 2032 Paulo
1526 2005 1603 2041 post
1630 2000 1691 2032 Bi-

216 2050 284 2079 tur.
308 2047 338 2076 1.
362 2054 451 2076 casus
476 2043 586 2075 leviter
609 2044 802 2076 retuli.—-73
826 2043 912 2076 Mss.
928 2044 984 2075 vel
999 2043 1176 2084 paucisque,
1202 2044 1255 2074 vel
1270 2043 1423 2085 pacisque,
1446 2048 1482 2075 et
1499 2043 1564 2075 hoc
1582 2043 1692 2086 'pleri-

215 2098 283 2130 que
300 2098 375 2119 cum
393 2088 474 2119 Vet.
488 2096 559 2128 prae
574 2096 610 2118 se
626 2086 757 2126 ferunt,
771 2087 861 2119 unde
884 2087 1019 2128 Lipsius
1035 2086 1187 2127 conjecit
1202 2089 1233 2117 et
1258 2087 1364 2128 pagis,
1388 2086 1479 2128 quod
1505 2087 1689 2119 Torrenius

215 2132 249 2164 in
270 2132 422 2172 pagisque
447 2130 607 2168 mutavit,
629 2134 668 2161 ut
693 2129 804 2162 edidit
834 2134 935 2162 antea
964 2130 1151 2172 Gryplrius.
1197 2130 1341 2170 Pighius
1357 2130 1535 2163 distinxit:
1562 2130 1691 2162 Graecia

207 2174 302 2214 facta
313 2178 399 2206 sunt.
419 2174 569 2205 columen
585 2174 679 2212 lucet,
695 2174 748 2213 &aa
761 2178 796 2205 et
814 2174 863 2205 sic
881 2173 1015 2215 Gryplr.
1032 2176 1064 2206 2.
1082 2180 1118 2205 et
1134 2173 1376 2215 Gryph.1576.
1399 2173 1458 2204 sed
1473 2176 1569 2205 recte
1585 2173 1691 2204 inter*

215 2218 412 2250 stinxerunt
432 2217 515 2249 Vet.
531 2217 629 2258 Mog.
645 2217 786 2248 veneti.
811 2216 955 2249 Mediol.
971 2221 1007 2249 et
1023 2216 1127 2248 Aldd.
1144 2221 1180 2248 et
1204 2217 1336 2257 Gryplr.
1353 2221 1384 2249 5.
1401 2219 1520 2248 7.-74
1544 2215 1689 2258 Sylamin

214 2261 346 2294 Medic.
363 2263 392 2293 1.
407 2260 553 2292 Venett.
581 2264 618 2291 et
641 2260 784 2291 Mediol.
801 2262 835 2293 3.
862 2260 1060 2292 Salaminum
1086 2259 1184 2291 Leirl.
1201 2263 1231 2293 l.
1255 2259 1416 2291 Salamina
1442 2260 1498 2291 vel
1525 2259 1688 2291 Salemina

214 2304 386 2337 tredecim
406 2302 509 2335 codd.
531 2303 675 2334 Torren.
698 2312 775 2334 cum
803 2304 886 2335 Vet.
912 2307 948 2335 et
967 2304 1063 2344 Mog.
1080 2313 1155 2344 qnae
1173 2303 1277 2335 habet
1294 2304 1398 2334 etiam
1414 2302 1687 2335 Artemam—⁷5

215 2348 308 2380 Dan.
324 2352 361 2379 et
378 2346 477 2379 Leid.
495 2349 526 2378 7.
544 2356 563 2377 a
584 2356 628 2378 m.
645 2355 714 2377 sec.
729 2349 865 2383 oxu-stru
889 2347 998 2378 ceteri
1015 2347 1116 2378 codd.
1133 2347 1384 2378 exhortum—76
1408 2347 1565 2378 Quatuor
1585 2345 1686 2378 codd.

215 2401 292 2424 cum
310 2390 395 2424 Vet.
411 2394 446 2422 et
460 2390 558 2431 Mog.
574 2389 627 2421 ubi
641 2389 793 2431 vixerint,
815 2389 870 2421 ubi
885 2389 1008 2431 ⁸iacent,
1025 2390 1299 2432 improbantibus
1310 2389 1455 2421 Torren.
1473 2394 1509 2421 et
1524 2389 1687 2431 Ram).—

879 2495 909 2527 N
917 2495 1021 2528 OTAE

257 2586 272 2610 ἱ
295 2580 519 2623 Artemisium]
548 2580 688 2613 Euboeae
727 2585 922 2623 promonto-
976 2592 1053 2614 snas
1069 2581 1286 2624 refugerunt,
1314 2582 1432 2614 Persae
1457 2579 1577 2612 urbem
1602 2578 1686 2611 civi·

213 2633 299 2664 rium
317 2633 518 2665 Graecorum
543 2633 579 2665 in
606 2632 759 2665 Xerxem
776 2632 923 2664 victoria
977 2633 1040 2665 bus
1051 2631 1543 2665 vacuamincenderunt.Urbs
1557 2635 1686 2671 tamen,

213 2683 340 2716 nobile.
976 2685 1078 2725 paulo
1118 2688 1210 2725 post,
1254 2682 1410 2724 murique
1443 2679 1684 2713 Themistoclis

257 2735 477 2768 ⁰Praevalr'dis
491 2734 648 2776 manibus]
670 2735 857 2778 Postquam
875 2734 920 2767 ci·
974 2735 1119 2767 consilio
1137 2738 1330 2767 restaurata
1347 2737 1440 2765 sunt.

214 2795 276 2818 ves
292 2796 334 2818 ex
360 2795 526 2827 responso
556 2786 728 2829 Apollinis
752 2786 786 2818 in
812 2795 916 2818 naves
