1878 3132
510 173 696 207 cAmi.
728 172 795 205 nn
827 171 1212 206 cnunssmrArn.
1524 159 1610 204 841

118 262 243 308 nulla
273 263 435 321 injuria
459 263 718 314 lacessitus,
753 259 835 304 sed
865 259 988 316 quod
1021 260 1067 302 in
1103 259 1175 303 his
1207 258 1455 302 maximam
1488 257 1612 315 apud

121 333 290 377 Persas
324 333 570 391 probitatis
602 338 648 376 et
677 330 950 375 fortitudinis
982 329 1162 374 laudem
1196 330 1450 374 consistere
1485 329 1611 374 vide-.

119 403 213 448 bat.

176 473 223 518 8.
254 472 491 517 Consimili
510 485 672 529 genere
703 470 1003 516 aemulationis
1038 469 1254 514 instincta
1289 470 1453 514 civitas
1474 469 1614 516 Athe·

119 542 365 595 niensium,
385 542 567 598 indigno
587 542 741 597 gloriae
762 554 859 584 suae
874 545 907 571 ⁵¹
950 539 1137 584 decreto
1163 540 1501 596 AEginensium‘
1537 541 1613 598 ju—

122 613 296 658 ventuti
331 612 527 669 pollices
563 611 788 664 abscidit3
833 615 884 654 ut
916 611 1065 654 classe
1097 615 1262 667 potens
1293 610 1530 668 populus¹²
1566 612 1614 654 in

121 685 348 726 certamen
368 682 691 726 maritimarum
712 682 872 726 virium
905 695 1056 724 secum
1081 679 1361 724 descendere
1382 681 1614 737 nequirem

122 752 231 797 Non
250 765 453 809 agnosco
474 751 679 796 Athenas
706 752 857 796 timori
888 750 1139 795 remedium
1169 763 1197 794 a
1227 749 1496 794 crudelitate
1516 764 1613 794 mu-

121 827 313 867 tuantes.

177 893 223 937 9.
256 893 422 938 Saevus
459 893 596 938 etiam
627 893 702 936 ille
742 892 870 947 aenei,
890 893 1006 937 tauri
1035 892 1281 945 inventor‚‘'
1325 906 1418 949 quo
1450 892 1614 936 inclusi

121 962 316 1006 subditis
335 963 532 1020 ignibus,
566 962 700 1019 longo
732 967 780 1006 et
813 962 971 1006 abdito
1008 963 1230 1014 cruciatu,
1261 963 1462 1019 mugitus
1495 977 1619 1007 reso-

120 1035 300 1076 nantem
320 1033 529 1089 spiritum
542 1037 576 1063 5²
608 1032 736 1076 edere
754 1034 1043 1088 cogebantur,
1063 1047 1118 1076 ne
1139 1034 1334 1090 ejulatus
1357 1046 1514 1077 eorum
1532 1034 1615 1077 hu-

121 1115 268 1146 manae
304 1115 420 1145 sono
455 1103 582 1146 vocis
604 1103 810 1158 expressi
845 1102 1109 1147 Phalaridis
1142 1105 1321 1160 tyranni
1359 1104 1614 1148 misericor-

120 1171 244 1216 diam
264 1171 507 1229 implorare
526 1178 732 1229 possent.
793 1172 962 1226 Quam,
998 1175 1108 1230 quia
1141 1175 1422 1218 calamitosis
1454 1174 1613 1219 deesse

121 1242 278 1296 voluit,
298 1243 574 1286 teterrimum
595 1244 710 1286 artis
733 1257 829 1288 suae
852 1257 971 1301 opus
990 1245 1165 1302 primus
1178 1245 1564 1289 artifexinclusus
1579 1250 1612 1276 ⁵³

121 1312 284 1355 merito
305 1312 577 1368 auspicatus
599 1308 706 1356 est?

747 1437 765 1450 0
770 1437 805 1450 θ’
810 1437 866 1450 ‘O‘
870 1437 990 1452 ‘eecce

123 1525 239 1568 vulgo,
269 1529 302 1560 et
330 1526 565 1570 ‹mplius—51
588 1527 746 1570 ιΜειὶἰιῑι,
773 1530 880 1571 gloria
905 1530 986 1566 sua.¹
1014 1531 1106 1575 Guy.
1151 1531 1207 1564 Sic
1239 1531 1347 1565 habet
1374 1531 1472 1565 Leid.
1500 1532 1613 1577 quint.

121 1569 192 1603 Sed
210 1570 287 1604 vide
303 1581 390 1614 quos
404 1572 493 1604 citat
506 1573 560 1606 Cl.
577 1573 798 1607 Burmannus
812 1575 856 1607 ad
871 1575 994 1609 Phaed.
1010 1586 1059 1609 1v.
1074 1579 1130 1609 20.
1166 1577 1176 1594 ‘
1190 1576 1366 1620 Quicquid
1379 1576 1520 1620 putabit
1533 1588 1613 1612 esse

121 1614 262 1657 dignum
279 1615 570 1650 memoriae.'—52
593 1619 602 1634 ‘
617 1617 762 1660 Pighius
775 1624 940 1652 resonante
960 1621 1105 1663 spiritu,·
1129 1621 1220 1653 utin
1238 1621 1364 1664 copes,
1383 1621 1482 1655 Leid.
1509 1623 1612 1665 prim.

123 1659 232 1692 Barb.
258 1659 359 1702 prim.
384 1664 421 1693 et
445 1661 573 1703 Ultraj.
596 1671 666 1694 sec.
691 1661 804 1695 Aldus
824 1669 861 1697 et
877 1666 1002 1704 ceteri,
1016 1669 1217 1698 resonantem
1233 1665 1393 1708 spiritum.
1442 1666 1614 1700 Nonnulli

120 1712 199 1735 cum
215 1704 310 1746 Mog.
324 1705 418 1745 long-o
438 1708 470 1737 et
484 1705 592 1738 abdito
606 1707 749 1740 cruciatu
769 1709 914 1750 vnugitus
939 1713 1115 1748 resonante,
1135 1710 1287 1752 spiritum
1301 1712 1393 1743 edere
1407 1710 1611 1752 cogebantur.

122 1747 269 1780 Rectum
284 1747 437 1791 videtur,
451 1753 650 1783 resonantem
663 1751 826 1792 spiritum.
873 1754 952 1786 Non
969 1759 1107 1787 tantum
1122 1755 1340 1797 cogebantur
1351 1756 1442 1787 edere
1458 1756 1612 1796 mugitus.

119 1791 238 1833 spiritu
248 1796 428 1834 resonante,
442 1794 503 1826 sed
519 1795 609 1827 edere
622 1796 773 1837 spiritum
787 1797 810 1829 i.
827 1807 858 1831 e.
871 1798 979 1839 mori;
1008 1805 1043 1831 et
1058 1799 1151 1831 hunc
1166 1802 1363 1832 resonantem
1375 1799 1530 1842 mugitus,
1545 1800 1567 1832 i.
1580 1811 1612 1833 e.

121 1836 336 1876 cogebantur
352 1838 485 1880 mugire
510 1839 604 1871 inter
619 1840 848 1874 moriendum.
897 1842 1001 1876 Quod
1018 1844 1137 1886 itaque
1154 1843 1320 1877 restitui!
1348 1844 1478 1877 Tvrren.
1524 1845 1612 1878 Mox

125 1881 278 1922 pauculi,
302 1891 341 1914 ne
363 1882 523 1921 ululatus,-
548 1884 626 1917 Par.
650 1887 682 1916 2.
708 1895 747 1917 ne
770 1884 820 1917 illi
841 1887 991 1920 ululatus.
1042 1888 1181 1920 Deinde
1205 1888 1334 1931 Ultraj.
1361 1891 1391 1920 l.
1419 1890 1452 1920 2.
1467 1888 1550 1922 Vet.
1573 1894 1611 1923 et

122 1923 222 1966 Meg.
251 1925 483 1959 humanm—63
508 1928 619 1960 Recte
649 1929 780 1962 omittit
805 1931 931 1973 Copes.
961 1930 1000 1964 τὸ
1022 1931 1158 1971 artifex.
1201 1933 1340 1965 Vellem
1369 1938 1406 1966 et
1419 1931 1458 1965 τὸ
1472 1932 1613 1966 inclusus

122 1970 316 2011 omitteret,
331 1975 516 2013 utrumque
531 1973 622 2004 enim
638 1973 721 2005 mihi
746 1974 885 2007 videtur
907 1981 1022 2009 ortum
1038 1987 1059 2009 a
1074 1977 1187 2019 glossa
1202 1977 1357 2018 hominis,
1383 1977 1441 2020 qui
1466 1977 1499 2009 iu
1522 1988 1611 2010 mar-

123 2013 202 2054 gine
215 2014 351 2047 notavit
366 2015 492 2055 artifex
506 2015 653 2050 inclusus.
680 2018 842 2054 Perizou.
888 2020 1022 2060 Artifex
1034 2022 1202 2054 omittunt
1218 2022 1325 2054 etiam
1342 2021 1441 2055 Harl.
1454 2021 1612 2057 pauset

791 2143 935 2178 No'rAE

164 2239 178 2270 t
202 2236 271 2270 An.
290 2237 340 2270 M.
356 2241 455 2273 3690.
491 2240 548 2274 ΟΙ.
574 2245 649 2276 104.
678 2247 707 2277 l.
745 2244 834 2278 Urb.
936 2250 951 2285 τ
976 2245 1044 2279 An.
1072 2247 1124 2280 M.
1148 2249 1247 2281 3595.
1298 2245 1357 2280 01.
1375 2249 1430 2281 80.
1448 2250 1480 2281 2.
1520 2247 1606 2282 Urb.

122 2289 165 2322 C.
180 2291 257 2322 389.
294 2289 377 2324 Ant.
395 2293 457 2325 Ch.
474 2295 552 2326 363.
892 2297 931 2331 C.
946 2300 1023 2332 294.
1060 2297 1145 2332 Ant.
1160 2299 1224 2333 Ch.
1242 2303 1319 2334 458.

163 2342 174 2362 ⁸
194 2342 434 2385 AEginensium]
457 2344 583 2387 AEgina
605 2346 716 2380 insula
732 2349 835 2381 maris
934 2355 948 2371 v
981 2351 1080 2384 AEnei
1117 2353 1206 2385 tauri
1245 2352 1407 2394 inventor]
1456 2351 1608 2386 Pei-illus

120 2393 230 2436 AEgaei
273 2395 412 2430 Piraeeo
453 2397 645 2433 imminens.
718 2402 834 2434 Hodie
891 2401 1131 2446 Atheniensis,
1153 2405 1212 2448 qui
1238 2405 1319 2438 dum
1343 2406 1429 2438 artis
1455 2405 1608 2447 pretium

121 2446 242 2487 Engist-
890 2461 927 2490 et
942 2459 1060 2499 operis
1078 2458 1182 2500 petit,
1198 2457 1393 2490 Phalaridis
1411 2458 1512 2500 jussu
1538 2458 1607 2500 pri-

163 2504 178 2520 ⁸¹
205 2500 249 2532 Ut
264 2501 362 2533 classe
378 2505 490 2544 potens
510 2504 659 2547 populus]
681 2505 752 2539 Per
774 2517 834 2540 au·
887 2518 963 2541 mus
995 2509 1029 2540 in
1056 2514 1158 2541 tauro
1186 2509 1338 2542 inclusus
1361 2509 1488 2552 periit:
1512 2510 1605 2542 hunc

119 2561 182 2584 nos
195 2555 252 2585 45.
276 2553 369 2586 inter
384 2554 615 2589 Athenienses
635 2562 671 2590 et
694 2558 832 2601 AEgine·
889 2565 1026 2594 taurum
1039 2561 1195 2604 Apollini
1207 2562 1378 2605 Delphico
1392 2573 1411 2594 a
1421 2562 1606 2595 Phalaride

122 2611 175 2638 tas
191 2606 288 2638 vario
302 2612 411 2639 marte
439 2615 631 2651 pugnatum
650 2615 725 2645 est:
748 2611 831 2644 ‹lno-
889 2618 1134 2647 consecratum
1175 2612 1285 2647 refert
1316 2613 1507 2655 anianus3
1545 2615 1606 2646 Ti-

118 2656 181 2690 bus
198 2658 337 2690 tandem
355 2660 485 2700 praeliis
507 2662 591 2694 victi
608 2662 778 2705 AEginetae
795 2669 831 2697 et
890 2675 998 2696 maeus
1024 2675 1107 2697 vero
1134 2665 1178 2698 ab
1201 2665 1442 2709 Agrigentinis
1460 2666 1493 2698 in
1510 2676 1605 2699 mare

117 2709 162 2741 ab
177 2709 345 2742 Leocrate
362 2710 508 2752 obsessi,
521 2723 599 2746 cum
615 2725 695 2756 spes
710 2716 830 2748 auxilii
888 2717 1098 2750 demersum.

119 2761 212 2794 nulla
229 2766 335 2801 esset,
358 2771 394 2793 se
415 2773 543 2806 suaque
561 2764 831 2800 Atheniensibus
931 2767 950 2786 ‘¹'
968 2768 1034 2803 Au.
1054 2770 1103 2802 M.
1119 2772 1219 2802 3482.
1252 2770 1309 2804 01.
1325 2774 1378 2804 52.
1397 2774 1428 2804 l.
1464 2772 1547 2805 Urb.
1563 2772 1603 2806 C.

119 2813 362 2856 permiserunt.
889 2824 963 2855 181.
1000 2822 1084 2856 Ant.
1101 2822 1163 2855 Ch.
1179 2825 1255 2856 571.
