1878 3132
232 165 320 208 546
628 175 842 208 VALERu
875 176 1069 210 Maxim
1103 178 1203 211 ΜΒ.
1235 181 1279 211 ν.

229 285 376 329 usque
405 272 605 329 parentis
633 278 845 330 aspectus
872 274 1041 319 bellum
1069 279 1200 320 atrox
1219 277 1407 321 salutari
1427 291 1544 334 pace
1562 285 1708 324 muta-

231 341 313 384 vit.
1703 354 1705 356 ’

287 411 331 454 2.
362 409 536 453 Eadem
565 411 713 466 pietas
743 411 917 454 viribus
952 413 1047 456 suis
1080 413 1407 457 inflammatum
1438 414 1705 460 Africanum

233 479 522 534 superiorem,
535 479 719 522 vixdum
737 493 876 524 annos
893 482 1165 537 puerilitatis
1184 490 1468 538 egressum,¹¹
1490 484 1548 528 ad
1571 498 1706 540 opem

230 547 349 601 patri
381 547 427 589 in
461 548 561 591 acie
597 547 826 591 ferendam
856 550 975 592 virili
1010 551 1168 593 robore
1201 552 1402 595 armavit.
1462 551 1706 595 Consulem

231 616 349 658 enim
368 629 470 658 eum
491 616 613 672 apud
634 615 846 659 Ticinum
866 617 1053 660 fluvium
1067 623 1101 643 ¹²
1132 619 1336 662 adversis
1365 620 1582 675 auspiciis
1603 633 1707 663 cum

231 683 490 727 Hannibale
510 690 779 740 pugnantem
809 687 1002 740 graviter
1021 688 1222 730 saucium
1249 690 1492 731 intercessu
1509 701 1596 731 suo
1614 701 1708 731 ser-

229 754 353 795 vavit
369 752 406 796 :¹³
438 766 586 809 neque
607 753 733 795 illum
763 758 844 795 aut
864 755 1014 797 aetatis
1034 754 1281 808 infirmitas,
1303 760 1379 799 aut
1406 755 1580 799 militiae
1601 757 1709 799 tiro·-

231 821 414 873 cinium,
443 827 524 865 aut
550 822 742 865 infelicis
771 823 918 878 praelii
946 824 1079 866 etiam
1098 828 1308 868 veterano
1337 826 1543 869 bellatori
1572 826 1707 881 perti-

229 890 496 933 mescendus
531 891 682 933 exitus
716 891 997 947 interpellare
1031 894 1189 945 valuit,
1220 908 1312 950 quo
1350 894 1498 936 minus
1533 894 1706 949 duplici

230 957 375 1011 gloria
406 960 680 1014 conspicuus
694 964 726 990 ¹³
767 973 997 1013 coronam,
1027 962 1297 1018 imperatore
1333 964 1468 1006 simul
1497 967 1542 1005 et
1575 968 1704 1020 patre

231 1038 291 1067 ex
310 1026 414 1081 ipsa
431 1030 573 1069 morte
591 1032 741 1083 rapto,
762 1033 1030 1080 mereretum

285 1095 329 1137 3.
358 1093 562 1137 Auribus
591 1095 684 1138 ista
712 1099 807 1138 tam
835 1097 1056 1152 praeclara
1083 1099 1294 1154 exempla
1315 1099 1523 1144 Romana
1540 1100 1702 1144 civitas

231 1162 438 1217 accepit:
468 1162 548 1205 illa
567 1163 678 1206 vidit
702 1163 901 1206 oculis.¹4
943 1164 994 1206 L.
1017 1164 1191 1208 Manlio
1210 1165 1444 1223 Torquato
1458 1172 1491 1199 ¹⁵
1515 1167 1633 1211 diem
1649 1168 1708 1211 ad

230 1231 447 1287 populum
477 1231 759 1288 Pomponius
788 1232 991 1276 tribunus
1021 1234 1168 1289 plebis
1199 1235 1392 1289 dixerat,
1420 1236 1543 1292 quod
1566 1229 1704 1280 ‘occa-

845 1363 967 1376 “OG“
971 1364 986 1375 O
990 1364 1027 1376 00
1031 1364 1090 1377 ‘Oe

231 1450 323 1493 quod
339 1461 407 1484 non
424 1452 599 1495 improbat
615 1453 775 1496 Kappius
789 1463 797 1485 :
822 1453 956 1497 aliquot
969 1453 1102 1487 habent
1115 1454 1410 1487 detractandi.-ll
1434 1453 1492 1486 Sic
1504 1453 1648 1495 Pighius
1659 1463 1706 1486 ex

228 1495 403 1528 Wiuckel.
420 1500 457 1528 et
471 1497 593 1530 Colon.
616 1497 808 1540 rescripsit.
829 1497 1027 1539 puerilitatis
1050 1497 1229 1538 ingressum
1255 1499 1376 1539 Camp.
1403 1496 1529 1529 Atreb.
1557 1501 1704 1539 uterque

228 1538 361 1571 Brand.
376 1544 526 1582 uterque
540 1541 669 1582 Ultraj.
687 1540 786 1573 Leid.
802 1541 913 1584 quint.
937 1541 1054 1574 Periz.
1077 1542 1159 1574 Vet.
1175 1541 1325 1583 Herbip.
1340 1544 1376 1573 et
1391 1540 1486 1582 Lips.
1501 1540 1633 1581 Thana.
1646 1550 1704 1582 pu-

227 1581 362 1615 bertatis
375 1592 533 1623 egressum
549 1583 624 1616 Sus.
640 1584 754 1617 Pulm.
766 1588 804 1616 et
825 1584 975 1616 varietas
990 1584 1088 1617 Leid.
1103 1588 1195 1627 sept.
1219 1584 1396 1626 pubertatis
1420 1584 1598 1624 ingressum
1622 1582 1704 1616 Ald.

228 1625 458 1659 Chalcocond.
474 1627 569 1668 Lips.
586 1629 652 1660 &c.
676 1628 819 1659 Torren.
835 1632 871 1659 et
887 1628 1006 1669 Kapp.
1034 1632 1159 1668 putant
1175 1627 1353 1660 Valerium
1378 1627 1559 1669 scripsisse
1574 1637 1583 1658 :
1606 1636 1705 1659 annos

225 1669 402 1710 pubertatis
413 1670 690 1710 ingressum—12
713 1671 881 1703 Nonnulli
902 1671 1005 1703 codd.
1030 1671 1175 1703 Ticinum
1191 1671 1417 1713 flumem—13
1439 1670 1498 1702 lta
1523 1669 1654 1702 Brand.
1672 1672 1704 1702 1.

228 1714 261 1743 2.
278 1722 396 1744 omnes
410 1714 553 1745 Torren.
570 1714 651 1745 Vet.
667 1718 705 1745 et
717 1714 813 1755 Mog.
850 1714 996 1755 Pighius
1012 1724 1096 1746 vero
1111 1724 1155 1746 ex
1175 1724 1243 1746 uno
1270 1715 1392 1755 Camp.
1421 1713 1561 1754 scripsit
1583 1713 1706 1754 conspi-

226 1765 329 1788 cuam.
372 1756 471 1797 Mox,
485 1756 613 1797 imperii
623 1757 719 1789 simul
734 1760 765 1789 et
783 1767 896 1789 nomen
913 1760 1007 1798 patre
1018 1758 1151 1799 aliquot
1167 1756 1271 1789 codd.
1287 1767 1364 1790 cum
1380 1757 1464 1789 Vet.
1479 1761 1517 1788 et
1531 1756 1628 1797 Mog.
1647 1755 1707 1788 im-

221 1798 313 1839 perio
326 1798 420 1831 simul
435 1803 466 1831 et
478 1803 571 1840 patre
586 1800 654 1832 duo
670 1799 796 1832 Leidd.
817 1810 928 1832 nomen
953 1800 1068 1841 patria·
1091 1800 1191 1832 Leid.
1213 1803 1333 1833 6.--14
1355 1799 1454 1831 Idem
1469 1798 1567 1832 Leid.
1584 1801 1617 1832 6.
1639 1798 1705 1833 ista

227 1840 321 1881 vidit,
342 1842 459 1874 deleto
474 1843 668 1877 oculis—15
693 1843 752 1875 Sic
769 1852 887 1875 omnes
912 1842 1015 1876 codd.
1042 1848 1080 1875 et
1106 1843 1185 1876 edd.
1209 1848 1292 1876 ante
1320 1843 1497 1884 Pighium,
1525 1841 1584 1884 qui
1607 1842 1704 1875 nullo

227 1884 350 1917 codice
376 1886 589 1928 astipulante
614 1885 796 1919 ediderat:
819 1886 860 1919 L.
880 1886 1002 1918 Manlio
1025 1886 1209 1929 Imperioso.
1253 1886 1415 1919 Vorstius
1443 1885 1601 1919 restituit
1627 1885 1705 1917 Tor-

878 2023 882 2027 .
899 1997 1042 2030 NOTAE

228 2089 440 2132 perdidisti!
482 2091 532 2124 Ut
548 2091 639 2124 enim
654 2091 772 2134 copias
789 2092 834 2124 ab
850 2091 936 2124 urbe

226 2141 381 2183 reduxit,
395 2141 526 2174 invidia
548 2144 599 2175 rei
627 2152 831 2184 oppressum
848 2144 937 2185 peri-

225 2191 292 2223 isse
314 2190 453 2234 ferunt;
478 2192 541 2224 sed
564 2192 623 2224 alii
650 2192 717 2224 alio
732 2193 827 2225 leto:
853 2193 937 2235 lapi-

225 2242 328 2275 dibus
342 2243 505 2276 obrutum
521 2243 738 2285 Plutarchus,
763 2243 828 2276 sibi
848 2253 936 2276 mor-

226 2298 299 2326 tem
340 2294 548 2326 conscivisse
589 2294 714 2326 Cicero
752 2294 788 2326 in
819 2295 938 2336 Laelio,

227 2344 355 2377 Fabius
370 2344 493 2377 Pictor
508 2343 601 2387 apud
615 2344 750 2376 Livium
761 2344 802 2376 ad
819 2355 936 2377 senec-

226 2399 338 2428 tutem
378 2396 579 2438 pervenisse
614 2394 748 2436 refert3
789 2405 937 2438 eumque

226 2450 355 2478 exacta
377 2449 482 2479 aetate
510 2446 597 2478 hanc
627 2455 721 2487 saepe
751 2455 937 2488 usurpasse

225 2506 370 2529 vocem:
405 2498 416 2516 ‘
434 2497 550 2530 Multo
590 2496 748 2529 miserius
775 2497 847 2529 seni
877 2507 936 2529 ex-

224 2545 321 2579 ilium
336 2547 437 2581 esse!
481 2548 518 2580 Si
534 2547 610 2591 quis
625 2548 726 2589 plura
738 2552 818 2580 avet
833 2548 935 2589 scire,

226 2598 359 2630 Livium
380 2600 477 2642 legat
491 2599 551 2632 lib.
567 2608 610 2631 11.
622 2604 662 2631 et
675 2599 852 2631 Plutarchi
868 2599 934 2632 Co-

227 2648 408 2684 riolanum.

238 2735 241 2740 r
270 2697 286 2720 δ
306 2699 483 2733 Intercessu
510 2711 564 2734 suo
586 2700 740 2743 servavit]
753 2700 850 2738 ,Sunt
875 2701 933 2743 qui

227 2758 294 2781 non
319 2760 340 2782 a
352 2749 438 2793 filio,
454 2751 515 2784 sed
533 2762 553 2784 a
568 2762 668 2785 servo
686 2757 934 2785 servatumve-

991 2092 1076 2134 lint;
1099 2092 1218 2125 Livius
1249 2097 1378 2133 tamen,
1404 2091 1541 2132 Florus,
1564 2090 1705 2124 Plutar-

992 2143 1076 2176 chus
1115 2147 1152 2176 et
1191 2143 1249 2175 alii
1278 2143 1421 2176 Valerio
1460 2142 1701 2183 consentiunt,

991 2204 1077 2236 quos
1109 2194 1202 2227 inter
1223 2193 1393 2238 Polybius
1425 2203 1497 2226 rem
1521 2192 1628 2235 paulo
1650 2192 1704 2226 fu·

992 2244 1063 2277 sius
1079 2245 1244 2286 explicat.
1276 2245 1385 2278 Simul
1397 2248 1436 2277 ut
1453 2248 1588 2287 patrem
1604 2244 1704 2287 gravi

993 2293 1156 2327 affectum
1172 2296 1325 2337 vulnere,
1334 2295 1474 2338 jamque
1488 2294 1532 2327 ab
1547 2294 1704 2328 hostibus

991 2345 1266 2379 circumventum
1294 2346 1395 2387 vidit,
1418 2345 1511 2378 illico
1537 2355 1616 2378 suos
1633 2349 1705 2390 ²¹¹¹?

990 2397 1098 2429 males
1113 2397 1286 2439 hortatur,
1302 2401 1341 2429 ut
1361 2396 1504 2430 Consuli
1527 2406 1629 2438 opem
1652 2395 1703 2429 fe-

990 2452 1089 2488 rant;
1123 2458 1267 2491 cumque
1296 2448 1348 2480 illi
1375 2451 1638 2489 cunctarentur,
1666 2447 1703 2479 in

990 2497 1107 2530 hostes
1138 2497 1362 2531 circumfusos
1386 2507 1511 2540 equum
1535 2497 1622 2539 egit,
1641 2507 1702 2539 pa-

989 2552 1148 2591 tremque
1163 2549 1291 2582 liberat
1306 2561 1315 2581 :
1331 2553 1405 2582 tum
1421 2548 1587 2590 praesenti
1601 2557 1702 2589 erep-

990 2603 1044 2632 tus
1055 2600 1222 2642 periculo,
1233 2600 1360 2633 Consul
1369 2599 1479 2632 filium
1491 2599 1701 2632 salvatorem

989 2661 1086 2683 suum
1102 2652 1214 2693 palam
1230 2651 1406 2684 salutavit.

1033 2707 1048 2738 ψ
1071 2700 1129 2734 An
1152 2702 1205 2734 M.
1220 2705 1318 2734 3836.
1335 2701 1395 2735 01.
1413 2704 1488 2735 140.
1504 2703 1538 2734 3.
1554 2699 1641 2735 Urb.
1658 2698 1699 2747 c.

989 2755 1066 2785 535.
1083 2751 1166 2784 Ant.
1184 2752 1245 2785 Ch.
1258 2755 1338 2799 2¹⁷-
