1878 3132
259 147 346 191 810
636 160 847 192 VAnnRu
863 161 1077 193 .MAX1M1
1112 163 1208 196 mu.
1240 163 1349 196 vm.

261 257 356 295 tum
374 252 512 295 literis
533 253 770 299 admonuit.
830 257 904 300 Ita
923 257 1117 308 nescias,
1135 262 1279 300 utrum
1309 257 1377 300 illi
1410 257 1512 313 plus
1545 252 1721 301 decoris

262 320 447 363 Patrum
492 323 841 378 conscriptorum
877 325 1137 376 auctoritas,
1177 339 1233 367 an
1267 326 1457 368 militum
1487 325 1723 368 consilium

262 389 489 444 adjecerit.
524 387 527 390 ⁴
548 389 675 445 Toga
707 392 822 433 enim
854 391 1115 446 Scipionem
1140 392 1297 435 ducem
1318 393 1531 435 adversus
1549 392 1724 435 Poenos

263 458 447 509 creavit,
483 470 606 500 arma
643 464 962 513 poposcerunt.
1036 459 1122 502 Cui
1154 474 1256 516 quae
1289 462 1336 503 in
1368 462 1463 505 vita
1496 461 1725 516 praecipua

263 526 494 579 assignata
513 530 626 577 sunt,
659 530 703 568 et
733 528 913 581 longum
947 531 1015 570 est
1033 528 1204 580 referre,
1225 529 1333 584 quia
1366 529 1532 581 multa3
1562 531 1609 570 et
1635 539 1725 570 non

262 595 582 645 necessarium,
604 595 710 650 quia
725 595 895 650 majore
908 609 966 638 ex
985 600 1112 650 parte
1122 596 1220 651 jam
1239 596 1377 638 relata
1391 601 1506 638 sunt.
1550 596 1725 651 Itaque,

263 660 386 715 quod
421 661 643 716 hodieque
673 663 885 704 eximium
925 663 1063 717 capit,
1099 663 1341 718 adjiciam.⁵
1399 663 1642 717 Imaginem
1679 663 1727 704 in

265 728 379 770 cella
411 727 575 770 Jovisc
605 734 701 784 opt.
736 743 856 771 max.
892 730 1091 784 positam
1125 730 1288 773 habet:
1320 744 1421 786 quae
1442 730 1726 786 quotiescun-

265 808 355 849 que
401 809 569 843 munus
599 797 842 853 aliquod⁶d
884 797 1106 842 Corneliae
1150 799 1269 853 genti
1308 798 1618 841 celebrandum
1647 800 1727 848 est,

264 862 368 906 inde
387 865 575 919 petitur3
605 865 768 920 unique
788 866 856 908 illi
876 866 1013 909 instar
1043 867 1144 909 atrii
1162 866 1433 922 Capitolium
1448 860 1556 909 est?

876 974 1117 989 OOOOONOWOO

267 1039 452 1082 AEmiliani‚
478 1039 614 1082 rejecit.
661 1039 723 1074 Ait
746 1041 817 1083 ille,
838 1043 1072 1075 emendationi
1088 1052 1159 1074 suae
1175 1040 1353 1083 suffragari
1367 1040 1518 1074 historie
1534 1039 1729 1073 veritatem.

267 1084 396 1115 Verum
412 1093 511 1125 quam
528 1083 624 1115 nihili
640 1084 673 1115 id
690 1085 733 1116 sit
750 1086 839 1127 quod
856 1086 1032 1118 Valerium
1060 1095 1103 1117 ex
1127 1086 1277 1118 historiae
1294 1086 1443 1117 veritate
1467 1082 1649 1115 emendare
1673 1091 1730 1114 vo-

267 1126 346 1167 luit,
362 1126 585 1169 *eundemque
608 1137 774 1169 nusquam
802 1138 938 1161 errasse
962 1128 1111 1160 credidit
1124 1128 1278 1169 Pighius,
1300 1128 1335 1159 id
1351 1137 1454 1169 supra
1469 1135 1536 1158 non
1551 1125 1658 1158 semel
1673 1135 1732 1167 ap·

268 1169 394 1211 paruit.
441 1169 707 1211 Respiciendum
732 1171 844 1211 potius
869 1175 946 1204 erat
971 1172 1014 1204 ad
1040 1171 1140 1204 codd.
1167 1172 1253 1203 Mss.
1279 1175 1315 1202 et
1337 1170 1546 1211 antiquiores
1562 1168 1656 1210 typis
1671 1177 1731 1200 ex-

269 1222 425 1253 pressos:
450 1214 508 1255 qui
523 1212 659 1254 quidem
674 1223 798 1255 magno
813 1224 980 1247 consensu
996 1214 1045 1247 sic
1062 1219 1099 1246 ut
1115 1223 1176 1246 nos
1190 1213 1323 1246 edimus
1338 1212 1490 1245 habent.¹
1510 1211 1616 1244 th.

268 1255 353 1287 bent
373 1256 477 1287 etiam
493 1257 607 1287 omnia
623 1256 682 1288 illa
699 1256 824 1297 copes.
847 1257 912 1289 hoc
937 1259 1024 1290 loeo.
1066 1259 1076 1275 ‘
1098 1257 1247 1289 Servant
1273 1257 1393 1288 eodem
1418 1257 1494 1287 loco
1524 1254 1583 1286 illa
1612 1262 1729 1287 omnes

265 1298 405 1330 omnino
432 1298 534 1330 codd.
562 1298 768 1331 crediderim
796 1309 873 1332 cum
902 1300 1040 1332 Vorstio
1072 1303 1108 1332 et
1141 1299 1321 1331 Perizonio
1351 1298 1434 1331 falso
1467 1299 1531 1329 hoc
1559 1296 1732 1328 Valerium

266 1340 422 1382 Scipioni
449 1341 616 1382 superiori
648 1341 810 1374 tribuere.
869 1342 938 1376 Qui
969 1352 1064 1374 error
1100 1346 1199 1374 tanto
1236 1341 1370 1373 facilius
1408 1341 1522 1382 potuit
1553 1338 1736 1379 committi,

268 1384 348 1426 quia
374 1389 411 1416 et
437 1384 495 1415 illc
521 1384 610 1416 citra
633 1385 823 1425 legitimum
841 1388 976 1426 tempus
992 1386 1111 1416 consul
1127 1384 1240 1416 factus
1256 1384 1333 1417 est!
1359 1385 1552 1417 Turrem—5
1577 1382 1634 1414 Ita
1647 1381 1733 1413 Tor-

268 1426 386 1459 renius
402 1426 522 1465 edidit,
543 1432 582 1459 ut
607 1427 736 1459 habent
755 1428 860 1459 etiam
884 1429 958 1460 Sus.
971 1428 1107 1460 Winck.
1123 1428 1235 1459 Pulm.
1252 1436 1338 1458 unus
1353 1426 1484 1458 Brand.
1499 1430 1536 1457 et
1549 1425 1602 1456 sui
1615 1433 1733 1456 omnes

270 1469 373 1503 codd.
397 1479 474 1502 cum
500 1469 581 1503 edd.
605 1474 690 1502 vett.
712 1470 816 1511 capita
830 1471 933 1502 dicam
949 1470 1071 1503 Atreb.
1095 1472 1175 1512 quod
1189 1470 1279 1502 hodie
1294 1479 1411 1510 quoque
1426 1468 1576 1500 eximium
1588 1466 1655 1506 eius
1671 1476 1734 1499 me-

268 1512 372 1545 moria
397 1512 482 1553 capit
506 1512 658 1552 adjiciam
681 1511 786 1546 Aldd.
809 1513 920 1547 Colin.
942 1513 1076 1555 Gryph.
1093 1518 1129 1545 et
1147 1512 1266 1554 Steph.
1283 1517 1317 1544 et
1334 1512 1382 1544 sic
1399 1511 1516 1543 Chalc.
1532 1515 1569 1542 et
1586 1509 1735 1560 Hei-bip.

269 1555 337 1587 nisi
367 1555 457 1598 quod
487 1565 604 1597 quoque
630 1556 812 1588 omittunt:
851 1557 1006 1598 plerique
1035 1556 1137 1588 codd.
1164 1557 1329 1588 omittunt
1357 1554 1459 1587 etiam
1489 1553 1555 1593 ejus
1577 1561 1737 1585 mernor-w.

271 1598 415 1640 Pighius
432 1598 570 1640 aliique,
585 1599 684 1640 capiti
707 1599 875 1639 adjiciam.-
897 1599 979 1631 Vet.
1004 1599 1090 1640 capit
1104 1599 1219 1636 dicam,
1246 1597 1336 1639 quod
1351 1607 1418 1629 non
1434 1595 1607 1638 improbat
1620 1595 1736 1638 Kapp.

272 1645 338 1674 -6
360 1643 370 1660 ‘
386 1641 443 1674 Sic
469 1651 587 1673 omnes
610 1642 701 1680 libri,
726 1652 802 1674 cum
831 1642 953 1683 scripti
977 1646 1049 1673 tum
1080 1641 1178 1682 editi,
1201 1641 1343 1683 Pighius
1372 1645 1500 1678 tamen,
1528 1643 1565 1671 et
1591 1638 1736 1673 Colems

274 1676 458 1716 ediderunt
477 1685 578 1723 sunus
592 1685 739 1726 aliquod3
762 1694 839 1716 nam
866 1685 900 1716 in
929 1684 1148 1716 celebrandis
1174 1683 1352 1716 funeribus
1378 1682 1559 1715 illustrium
1586 1680 1738 1730 virorum

272 1727 439 1769 imagines
453 1728 559 1759 totius
573 1726 710 1759 familiae
729 1727 1019 1768 producebantur.
1051 1727 1153 1759 Unde
1169 1736 1304 1769 quoque
1319 1726 1504 1758 Torrenius
1521 1724 1577 1756 vix
1592 1723 1739 1760 dubitat,

272 1770 456 1811 legendum
473 1780 560 1809 esse,
575 1770 676 1809 sunus
690 1770 824 1811 aliquod.
869 1770 957 1802 Mihi
972 1770 1132 1801 Valerius
1160 1768 1321 1802 affectate
1350 1778 1458 1800 munus
1484 1767 1621 1799 videtur
1645 1765 1739 1816 adiri-

275 1812 403 1854 buisse‚
417 1813 507 1855 quod
525 1819 602 1854 post
616 1812 740 1845 funera
756 1812 920 1844 nobilium
936 1813 1082 1844 virorum
1099 1822 1192 1854 saepe
1209 1813 1378 1844 dabantur
1393 1821 1521 1843 munera
1536 1808 1740 1859 gladiatoria

275 1857 416 1896 populo.
462 1857 585 1897 Neque
602 1856 702 1887 video
718 1865 868 1894 causam,
891 1865 952 1887 cnr
968 1855 1101 1887 librarii
1119 1860 1214 1887 tanto
1240 1864 1407 1887 consensu
1430 1853 1564 1885 facilius
1579 1851 1679 1891 funus
1704 1860 1740 1883 ιιι

275 1897 448 1931 difficilius
463 1909 573 1931 munus
597 1898 812 1931 mutassent.'
837 1899 942 1940 Kapp.
989 1898 1142 1930 Corneliae
1163 1898 1255 1939 genti
1280 1896 1433 1930 restituit
1460 1895 1617 1937 Pighius,
1638 1898 1679 1927 ut
1702 1893 1738 1926 iu

939 1995 1082 2028 NOTAE

321 2065 338 2082 ⁸
362 2060 503 2093 Citerior
532 2061 671 2101 legitimo
699 2060 852 2102 tempore]
881 2060 984 2092 Post-

278 2120 381 2153 quam
409 2120 452 2142 ex
479 2110 648 2152 Hispania
670 2111 704 2142 in
722 2111 851 2143 Urbem
876 2112 986 2143 victor

282 2161 395 2193 rediit.
440 2162 512 2193 Sub
528 2162 602 2194 haec
617 2163 722 2195 verba
736 2163 899 2202 leguntur
913 2163 985 2194 vul-

1039 2061 1075 2092 in
1103 2058 1257 2092 Africam
1288 2058 1414 2091 Consul
1443 2055 1664 2089 mitteretur?
1697 2054 1741 2087 de

1039 2110 1216 2151 superiore
1233 2119 1315 2141 vero
1327 2109 1506 2147 Africano,
1519 2116 1585 2138 nec
1596 2115 1616 2138 a
1632 2105 1744 2145 Livio,

1040 2169 1140 2201 neela
1155 2160 1275 2204 quovis
1289 2159 1357 2191 alio
1374 2158 1555 2200 quicquam
1577 2157 1648 2188 tale
1665 2164 1745 2198 pro·

280 2222 323 2254 go
352 2212 477 2251 multa;
513 2222 603 2253 qnae,
626 2223 703 2245 cum
728 2213 893 2246 Africano
916 2224 987 2246 ma·
1022 2210 1152 2251 'ditum
1162 2210 1338 2253 memo-riae
1351 2213 1414 2240 est.

273 2263 346 2304 jori
363 2262 466 2294 tribui
483 2271 550 2293 non
569 2264 710 2303 possint,
734 2264 775 2295 ad
791 2264 988 2306 Scipionem
1006 2272 1009 2275 ’
1027 2248 1162 2307 ,³3³5st
1191 2259 1405 2305 cenagfdovis]
1439 2259 1492 2290 Ex
1519 2266 1585 2299 quo
1610 2255 1745 2300 virilem

282 2312 502 2345 AEmilianum
526 2311 710 2344 referenda
732 2314 907 2348 duximus:
926 2308 1155 2360 sies-*togam*
1180 2311 1315 2355 sumsit-⁵,
1353 2310 1445 2341 nulla
1485 2307 1542 2340 die
1571 2306 1665 2348 prius
1694 2306 1746 2338 ul·

280 2364 386 2395 etiam
401 2363 523 2403 Pighio
539 2363 645 2394 visum
661 2369 727 2396 est.
1042 2364 1108 2394 lam
1160 2362 1336 2405 publicam
1358 2366 1360 2368 ’
1386 2360 1624 2402 privatamque
1673 2366 1746 2390 rem

326 2412 341 2434 b
355 2413 445 2449 Quod
446 2413 524 2454 fieri
536 2414 691 2454 oportere]
705 2414 791 2446 Haec
799 2418 835 2446 et
843 2424 986 2456 sequen·
1042 2413 1126 2453 egit,
1144 2406 1295 2452 quamin
1311 2410 1518 2452 Capitolium
1533 2409 1611 2440 iret.
1657 2407 1746 2440 Haec

281 2463 332 2495 tia
340 2463 445 2495 verba
455 2464 486 2494 in
498 2464 653 2504 Exempl.
661 2466 692 2496 4.
702 2464 899 2504 reponenda
908 2474 986 2496 cen-

286 2514 434 2553 suimus3
452 2514 485 2545 in
503 2514 665 2555 majorem
680 2515 768 2546 enim
786 2514 987 2547 Africanum

285 2565 436 2604 minime,
471 2563 505 2595 in
535 2564 700 2595 minorem
728 2575 829 2606 quam
859 2565 989 2607 optime

289 2615 456 2657 quadrare
494 2623 546 2646 res
581 2614 656 2655 ipsa
690 2615 861 2657 loquitur:
908 2615 991 2658 quid

288 2665 383 2696 enim
396 2665 522 2704 notius,
534 2673 635 2705 quam
644 2664 790 2696 militum
802 2665 912 2696 literis
921 2675 993 2697 mo-

290 2715 399 2746 nitum
416 2714 595 2754 Senatum,
609 2717 649 2747 ut
664 2714 778 2756 Scipio
795 2714 992 2747 AEmilianus

1043 2466 1080 2493 et
1108 2462 1206 2502 plura
1235 2460 1373 2498 Livius;
1410 2459 1507 2495 addit
1547 2458 1680 2491 Gellius
1710 2457 1748 2490 id

1040 2513 1190 2543 maxime
1213 2512 1335 2547 mirum
1354 2511 1509 2542 'omnibus
1534 2510 1641 2541 visum
1657 2519 1747 2546 esse.

1043 2563 1133 2604 quod
1166 2563 1249 2593 alios
1276 2566 1407 2600 omnes,
1433 2561 1628 2603 Scipionem
1664 2570 1748 2593 nun-

1044 2624 1144 2655 quam
1161 2623 1261 2645 canes
1284 2613 1493 2644 allatrarent.

1087 2662 1103 2684 ‘¹
1126 2663 1243 2694 Munus
1265 2661 1397 2704 [funus]
1413 2663 1552 2704 aliquod]
1573 2662 1615 2694 In
1631 2661 1748 2702 vulga-

1049 2713 1092 2746 tis
1109 2712 1285 2746 codicibus
1301 2723 1413 2746 munus
1435 2713 1635 2755 legebatur3
1650 2706 1750 2752 fnium
