1878 3132
396 173 505 206 cAP.
527 172 638 207 xiv.
670 173 736 205 nn
767 173 1134 208 smrmrunmss
1167 176 1366 210 renum.
1538 166 1628 213 895

149 272 270 327 potis
299 285 329 316 a
357 273 587 317 moribus⁸
615 274 891 329 accepisset,
912 271 1153 330 ‘Pamphili
1184 276 1428 329 tertiarum,
1463 279 1539 322 cui
1566 279 1627 322 si-

149 340 364 384 millimus
383 354 483 384 esse
501 342 737 393 ferebatur,
755 340 1024 385 habuisset?

204 408 248 451 5.
278 406 344 452 At
363 409 431 454 M.
448 407 715 453 Messallafv*
735 410 986 453 consularis
1001 413 1045 453 et
1066 413 1317 464 censorius,
1333 411 1623 468 Menogenis:

148 474 442 536 Curioque&
481 478 687 521 omnibus
707 478 952 521 honoribus
973 479 1223 531 abundans,
1256 481 1518 525 Burbuleii:
1549 483 1626 526 ille

145 548 326 600 propter
343 546 437 589 oris
456 550 703 602 aspectum,
720 546 794 589 hic
815 550 1003 602 propter
1032 560 1184 602 parem
1206 550 1409 604 corporis
1440 554 1623 602 motum,

144 616 331 670 uterque
351 615 522 658 scenici
539 628 700 658 nomen
718 618 909 658 coactus
930 618 1000 658 est
1019 615 1234 670 recipere.

759 733 1024 765 EXTERNA.

206 807 250 851 1.
281 805 474 850 Abunde
493 796 585 851 sint
602 808 702 851 haec
731 808 788 851 de
811 808 1086 860 domesticis,
1120 809 1330 865 quoniam
1351 813 1398 851 et
1427 811 1630 865 personis

145 879 251 919 sunt
268 875 552 928 excellentia,
589 880 635 919 et
653 889 744 919 non
763 877 962 919 obscura
980 877 1143 921 notitia
1163 877 1452 920 celebrantur.
1511 877 1631 933 Regi

147 941 381 988 Antiocho
400 958 519 988 unus
550 958 609 988 ex
631 945 899 1000 aequalibuS,
931 950 979 988 et
997 946 1099 1001 ipse
1129 946 1263 1000 regiae
1277 945 1293 970 ⁸
1325 944 1521 1002 stirpis,¹¹
1550 960 1630 989 no-

144 1010 266 1053 mine
300 1010 532 1069 Artemon,
564 1026 785 1069 perquam
822 1013 988 1056 similis
1019 1013 1163 1056 fuisse
1200 1014 1404 1056 traditur.
1480 1013 1630 1066 Quem

147 1077 346 1122 Laodice
373 1093 489 1123 uxor
508 1079 755 1133 Antiochi,¹
781 1081 1019 1124 interfecto
1054 1082 1168 1133 viro,
1205 1081 1515 1125 dissimulandi
1535 1096 1632 1126 sce-

146 1147 252 1190 leris
272 1149 431 1202 gratia,
449 1150 497 1191 in
526 1150 693 1193 lectulo
727 1150 910 1206 perinde
931 1150 1062 1206 quasi
1097 1151 1243 1206 ipsum
1277 1163 1428 1204 regem
1463 1164 1631 1206 aegrum

148 1215 410 1260 collocavit.
469 1217 826 1274 Admissumque
845 1220 1104 1263 universum
1125 1219 1344 1275 populum
1364 1221 1409 1260 et
1431 1231 1630 1262 sermone

145 1284 242 1340 ejus
276 1289 321 1328 et
340 1286 473 1329 vultu
508 1288 733 1330 consimili
765 1287 951 1332 fefellit:
999 1288 1368 1343 credideruntque
1396 1287 1633 1332 homines⁹

147 1352 207 1394 ab
242 1350 475 1398 Antiocho
503 1356 724 1399 moriente
754 1356 983 1400 Laodicen
1015 1361 1061 1400 et
1088 1362 1222 1399 natos
1261 1356 1360 1413 ejus
1390 1356 1477 1398 sibi
1507 1370 1633 1400 com-

147 1420 363 1464 mendari.

202 1489 245 1533 2.
275 1489 510 1546 Hybreatn
545 1497 697 1535 autem
719 1492 1079 1549 Mylasenum,¹oj
1118 1493 1322 1549 copiosae
1356 1498 1495 1549 atque
1516 1507 1624 1536 con-

768 1614 1007 1628 ‘mm

147 1677 290 1711 Deinde
306 1677 434 1722 Copes.
449 1678 537 1720 cnjus
549 1689 577 1713 ε.
591 1690 620 1713 e.
628 1679 873 1720 sarcinium—8
895 1680 1011 1713 Bitur.
1028 1683 1061 1713 1.
1076 1680 1216 1721 egregioe
1227 1691 1239 1712 .-
1260 1678 1352 1712 forte
1369 1689 1386 1711 e
1398 1679 1499 1721 plebe,
1514 1679 1633 1712 deleto

146 1721 325 1763 reatin-pu,
335 1727 373 1754 ut
388 1722 482 1764 apud
497 1722 591 1756 Plin.
636 1724 747 1756 Silent
764 1729 881 1757 tamen
896 1724 1057 1766 Interpp.
1095 1724 1183 1756 Mox
1200 1724 1315 1765 plures
1333 1723 1433 1755 codd.
1457 1723 1609 1755 Arthemo
1619 1733 1633 1762 ,·

146 1764 287 1805 pauculi
299 1774 377 1798 cum
393 1765 475 1798 edd.
494 1772 580 1800 vett.
592 1766 804 1800 Artenia—9
826 1767 993 1800 Barthius
1015 1767 1120 1808 legit:
1145 1767 1406 1808 credideruntque
1426 1768 1632 1799 omnes.——1o

147 1806 205 1840 Ita
219 1807 386 1849 Pighius;
410 1809 630 1852 Hybreuntem
645 1821 677 1843 a.
692 1811 886 1843 Milasenum
902 1821 990 1844 unus
1003 1810 1136 1844 Brand.
1160 1810 1351 1852 Hybreanta
1365 1819 1396 1841 a.
1413 1809 1514 1841 Miles
1531 1809 1564 1840 in
1581 1810 1632 1842 al-

147 1855 238 1883 tero.
251 1851 367 1894 Vulgo
378 1852 574 1894 legebatur,
590 1853 744 1886 Hibream
753 1864 784 1887 α.
796 1854 958 1897 Mylaium
965 1865 979 1893 ;
994 1854 1054 1886 sed
1069 1854 1227 1896 plerique
1241 1852 1344 1885 codd.
1355 1852 1495 1893 habent,
1509 1852 1630 1885 Hibre-

146 1897 224 1926 anta
237 1898 345 1927 autem
354 1896 528 1938 Milapium
538 1908 551 1936 ;
567 1897 668 1930 Harl.
681 1897 865 1930 Hiber-anta
876 1901 982 1930 autem
992 1908 1005 1936 ,·
1028 1897 1127 1930 Leid.
1143 1901 1259 1939 quart.
1277 1902 1313 1928 et
1330 1896 1460 1937 Ultraj.
1478 1905 1548 1928 sec.
1565 1896 1631 1928 Hi-

147 1937 307 1971 bremen·
321 1942 448 1978 autem5
473 1939 602 1982 Ultraj.
617 1940 716 1984 prim.
734 1941 959 1983 listi-euntem,
974 1940 1091 1974 deleto
1106 1944 1224 1973 autem.
1264 1939 1367 1972 Unde
1381 1939 1510 1972 erroris
1532 1939 1630 1982 origo

819 2026 962 2060 NOTAE

190 2094 206 2111 θ
221 2089 356 2132 Nepotis
368 2100 387 2122 α
398 2090 550 2133 mor-ibus]
573 2091 782 2134 Suspicatur
794 2091 860 2125 Co·
959 2095 976 2120 8
993 2090 1108 2132 Curio]
1127 2090 1178 2124 M.
1191 2089 1390 2122 Scribonius
1405 2088 1525 2129 Curio,
1540 2088 1633 2122 illius

146 2141 241 2174 lerus
257 2141 441 2183 legendum
454 2152 530 2175 esse
542 2153 562 2175 a
573 2143 751 2184 majoribus.
775 2143 860 2177 Quae
915 2146 1028 2184 pater,
1054 2142 1113 2184 qui
1139 2141 1311 2174 Tribunus
1329 2140 1438 2183 plebis
1453 2139 1498 2172 ad
1515 2139 1632 2172 Caesa·

147 2191 334 2234 scriptura,
363 2197 403 2224 ut
432 2192 514 2225 mihi
544 2193 683 2236 quidem
712 2194 861 2234 videtur,

147 2252 232 2276 vera
245 2246 299 2275 est
323 2246 359 2276 et
383 2252 566 2285 germana:
587 2245 679 2277 illius
694 2245 785 2278 enim
801 2256 860 2287 pa-

147 2300 203 2328 tes
217 2294 285 2327 fuit
299 2295 343 2330 Q.
357 2295 524 2328 Metellus
539 2296 671 2338 Nepos,
691 2297 861 2330 Balearici

146 2345 250 2387 filius,
279 2346 334 2378 cui
365 2346 516 2388 Nepotis
546 2357 672 2380 nomen
703 2348 863 2390 adhaesit,

148 2397 242 2440 quod
268 2398 313 2432 Q.
341 2398 481 2430 Metelli
507 2398 727 2432 Macedonici
753 2409 863 2442 nepos

146 2453 253 2487 esset,
268 2453 308 2480 ut
323 2449 431 2482 tradit
446 2448 628 2483 Asconius.

191 2499 212 2518 ·
227 2498 297 2531 An.
314 2499 366 2531 M.
379 2502 477 2533 3997.
500 2500 560 2534 Ol.
574 2503 649 2534 180.
663 2504 696 2535 4.
719 2501 807 2535 Urb.
822 2502 861 2535 C.

148 2552 226 2583 696.
248 2550 332 2583 Ant.
349 2550 412 2583 Ch.
426 2554 480 2585 56.

190 2598 204 2621 ¹
223 2601 391 2644 Marulla]
426 2602 478 2636 M.
508 2603 666 2637 Valerius
696 2604 863 2638 Messalla

149 2657 382 2693 cognomento
399 2653 520 2695 Niger,
545 2655 604 2697 qui
619 2665 697 2688 cum
714 2657 765 2689 M.
784 2656 864 2688 Cal-

149 2702 294 2745 plmrnio
310 2703 439 2736 Pisone
456 2705 584 2738 Consul
600 2704 666 2740 fuit
681 2716 771 2739 anno
786 2710 863 2740 693.

194 2759 208 2790 †
233 2754 299 2788 Au.
314 2755 361 2789 U.
375 2756 416 2789 C.
436 2758 513 2789 692.

916 2203 989 2226 rem
1005 2193 1108 2236 fugit,
1125 2198 1160 2226 et
1181 2193 1287 2235 periit
1302 2192 1337 2224 in
1355 2190 1489 2224 Africa.

960 2249 975 2284 ‡
999 2244 1068 2278 An.
1084 2245 1129 2278 U.
1145 2245 1184 2278 C.
1199 2247 1276 2277 677.

960 2295 976 2317 ¹¹
999 2297 1046 2328 Et
1074 2296 1141 2339 ipre
1168 2295 1268 2336 regiae
1294 2293 1423 2336 stirpis]
1462 2292 1630 2325 Artemon

916 2347 1059 2391 ignobili
1071 2349 1148 2381 loco
1164 2354 1266 2380 natus
1281 2347 1411 2379 dicitur
1425 2356 1446 2378 a
1458 2345 1588 2378 Solino.

963 2399 1126 2432 ¹Laodice
1149 2409 1232 2431 uxor
1255 2395 1423 2437 Antiochi]
1461 2396 1544 2436 Dei,
1571 2395 1633 2437 qui

917 2451 1001 2484 duas
1018 2461 1156 2484 sorores
1175 2450 1350 2482 Laodicen
1374 2453 1412 2480 et
1434 2446 1631 2479 Beronicen

917 2501 1139 2544 Philadelphi
1165 2500 1254 2532 filias
1280 2498 1394 2539 duxit,
1418 2501 1457 2529 ut
1483 2496 1632 2529 diximus

918 2563 1035 2595 supra,
1051 2552 1115 2584 hoc
1131 2551 1221 2583 libro
1237 2560 1314 2592 cap.
1331 2552 1384 2582 10.
1400 2558 1503 2591 quem
1518 2548 1631 2580 locum

918 2603 1070 2636 consule.

959 2653 972 2682 ³
993 2653 1159 2696 Hybream
1182 2655 1288 2685 autem
1312 2648 1527 2693 Mylasenum]
1551 2649 1632 2691 My-

919 2707 992 2739 lasa
1007 2705 1090 2738 urbs
1105 2709 1161 2738 est
1177 2704 1288 2738 Cariae
1305 2702 1434 2743 Plinio,
1447 2702 1512 2733 &c.
