1878 3132
245 161 332 204 '716
637 170 845 202 VALERH
879 170 1074 203 MAlel
1108 170 1203 201 mn.
1235 171 1323 201 vn.

247 268 438 312 ferventi
466 268 696 311 resolutas
726 282 858 325 aqua,
878 269 1085 312 mandere
1105 267 1343 311 voluisti.¹⁸
1405 267 1528 320 Quid
1550 267 1656 319 illis,
1677 267 1718 310 si

249 338 544 381 acerbitatem
573 350 706 380 casus
738 338 952 390 intueare,
973 337 1211 379 miserius?
1244 337 1284 378 si
1316 336 1618 380 constantiam
1651 349 1718 379 re-

250 407 438 463 spicias,
454 406 657 449 fidelius?
689 407 778 462 qui,
790 420 843 449 ne
863 421 890 450 a
905 406 1127 449 Romanis
1141 405 1498 458 desciscerent,¹⁹
1526 405 1606 448 tali
1626 405 1719 447 cibi

248 489 406 531 genere
426 476 494 518 uti
515 476 838 530 sustinuerunt3
869 489 970 518 cum
990 475 1291 531 pinguissima
1305 487 1414 516 arva
1435 487 1520 516 sua
1537 471 1721 516 fertilis-

248 545 475 601 simosque
514 558 700 600 campos
750 545 974 588 moenibus
1020 544 1115 586 suis
1151 543 1384 598 subjectos
1435 543 1720 586 intuerentur.

248 613 411 669 Itaque
442 613 686 668 Campanae
719 610 875 664 urbis,¹
905 626 1007 668 quae
1043 612 1261 655 Punicam
1295 612 1513 656 feritatem
1545 611 1722 654 deliciis

248 682 345 725 suis
375 682 541 736 cupide
559 686 595 705 ²0
625 682 755 734 fovit,
776 682 823 724 in
856 681 1114 738 propinquo
1141 682 1277 723 situm
1303 681 1564 731 Casilinum,
1585 680 1722 723 modo

245 762 345 794 rara
383 751 549 792 virtute
591 750 837 802 clarum,⁶²¹
876 751 1208 806 perseverantis
1248 750 1504 793 amicitiaem
1536 750 1720 805 pignore

246 819 414 874 impios
436 818 598 860 oculos
617 820 899 862 verberavit.†

304 889 347 930 3.
379 887 431 930 In
453 888 532 930 illa
554 887 787 931 obsidione
808 893 853 931 et
873 888 960 931 fide
977 902 1079 931 cum
1099 889 1285 931 trecenti
1302 887 1592 930 Praenestini¹¹
1621 900 1724 942 per-

246 960 488 1008 manerent,
510 956 657 1000 evenit
674 961 725 1000 ut
745 971 803 999 ex
822 957 893 1000 his
920 957 1102 1013 quidam
1122 970 1290 999 murem
1311 955 1496 1012 captum
1515 955 1723 998 ducentis

247 1026 397 1081 potius
415 1025 614 1068 denariis
629 1030 665 1050 ²²
677 1031 695 1049 ⁰
724 1025 930 1079 vendere,
948 1039 1085 1082 quam
1113 1027 1213 1081 ipse
1233 1024 1453 1067 leniendae
1473 1024 1606 1066 famis
1626 1036 1725 1079 gra·

291 1145 306 1166 ⁶
319 1146 429 1189 Itaque
444 1148 632 1190 Casilinum,
647 1159 730 1181 ναι-ω
741 1149 871 1182 virtutis
883 1150 1024 1190 exemplo
1038 1149 1174 1190 illustre,
1186 1148 1298 1192 fidelis
1318 1148 1468 1181 amicitioe
1485 1146 1722 1191 perseverantia

245 1189 405 1273 ῖευὶῗιιςιιπ
418 1192 621 1234 exprobravit
639 1193 756 1235 Capuae
765 1194 876 1226 vicinoe
888 1192 960 1225 urbi
978 1194 1172 1235 Campanioe,
1196 1203 1267 1235 quoe
1281 1193 1405 1225 deliciis
1419 1193 1485 1224 suis
1501 1193 1615 1225 Poenos
1631 1191 1720 1233 sero·

246 1242 296 1266 ces
325 1244 375 1266 ουι
393 1257 403 1267 .

877 1289 1033 1303 θθθθθθθθ
1037 1290 1053 1302 O
1057 1289 1114 1302 ‘O‘

248 1354 311 1386 mis
327 1354 428 1387 codd.
442 1357 474 1388 te
488 1355 608 1387 scilieet
624 1365 685 1397 pro
701 1355 818 1397 vulgg.
835 1356 882 1388 ita
896 1356 1115 1389 seilicet.-18
1126 1356 1182 1388 Ita
1197 1355 1303 1388 Aldd.
1323 1355 1434 1388 Coun.
1451 1355 1587 1398 Gryph.
1599 1355 1722 1399 steph.

247 1398 350 1439 Pigh.
379 1401 442 1430 &c.
488 1399 627 1441 Guyeto
653 1399 872 1431 scribendum
896 1400 1059 1432 videtur:
1082 1400 1171 1432 Idem
1194 1399 1260 1442 (sc.
1288 1399 1454 1436 senatus)
1472 1400 1667 1433 Casilinates
1677 1421 1722 1435 ....

244 1443 391 1474 mandere
413 1442 521 1473 voluit.
567 1444 576 1460 ‘
590 1442 778 1474 Nesciebat
795 1443 958 1475 videlicet
974 1442 1220 1485 Apostrophen
1237 1442 1280 1475 ad
1297 1443 1540 1475 necessitatem
1558 1452 1634 1475 esse
1649 1442 1725 1476 fac·

247 1489 339 1517 tam:
366 1489 402 1517 et
416 1489 569 1518 senatum
587 1486 775 1519 Romanum
793 1486 858 1519 hoc
872 1486 1022 1518 voluisse
1039 1487 1177 1519 omnino
1193 1485 1318 1518 falsum
1332 1490 1398 1518 est.
1431 1486 1596 1518 Ceterum
1613 1490 1724 1519 totam

247 1527 336 1560 hanc
353 1528 533 1570 periodum
551 1529 637 1562 Mss.
674 1529 773 1562 Harl.
796 1530 882 1571 Cop.
899 1530 970 1562 Bit.
987 1530 1088 1572 prim.
1111 1529 1209 1562 Med.
1232 1530 1333 1571 prim.
1350 1529 1446 1562 Leia.
1472 1529 1574 1571 prim.
1596 1534 1634 1563 et
1657 1539 1727 1563 sec.

247 1572 297 1604 ita
318 1572 553 1605 constituunt:
577 1573 698 1604 Eadem
727 1573 917 1605 Casilinates
946 1573 1106 1606 obsidione
1132 1573 1300 1606 Annibalis
1323 1573 1433 1613 clausi,
1451 1573 1728 1616 alimentorumque

240 1614 399 1654 famcltate
414 1615 543 1655 defecti,
560 1616 627 1648 lora
642 1616 837 1657 necessariis,
850 1618 905 1658 4⁶⁶.
920 1617 1076 1650 voluistis.
1121 1617 1190 1649 Sed
1206 1616 1304 1649 Med.
1327 1621 1363 1648 et
1383 1616 1490 1648 Barb.
1519 1617 1619 1658 prim.
1646 1626 1726 1649 cum

250 1659 336 1701 Cop.
352 1665 548 1701 praeterea:
572 1661 679 1692 eadem
693 1661 782 1692 clade
798 1660 989 1692 Casilinates
1000 1671 1011 1693 .·
1034 1660 1139 1692 Barb.
1165 1660 1266 1702 prim.
1284 1660 1370 1701 Cop.
1387 1660 1486 1692 Harl.
1510 1659 1640 1702 Ultraj.
1654 1669 1726 1693 sec.

249 1704 436 1735 manducare
449 1713 460 1741 ‚·
487 1703 583 1735 Leid.
596 1713 665 1735 sec.
681 1704 868 1736 voluissetis.
901 1702 1062 1736 Praefero
1078 1703 1263 1736 lectionem
1278 1703 1484 1745 Pighianam
1501 1704 1608 1736 multo
1620 1703 1730 1745 magis

249 1747 380 1779 Valerii
405 1747 506 1787 genio
534 1751 820 1780 consentaneam:
844 1752 881 1779 et
897 1757 964 1779 non
989 1747 1072 1779 satis
1099 1751 1192 1779 recte
1211 1747 1401 1779 Casilinates
1417 1747 1582 1779 dicuntur
1597 1747 1730 1779 voluisse

248 1789 306 1822 illa
334 1791 490 1829 mandere,
512 1790 570 1831 qui
594 1800 755 1831 suprema
781 1791 949 1832 compulsi
971 1790 1183 1822 necessitate
1208 1790 1243 1822 id
1267 1790 1441 1831 fecerunt,
1457 1790 1518 1822 sed
1536 1791 1625 1822 bene
1641 1790 1729 1822 illud

250 1833 418 1865 tribuitur
435 1833 635 1865 necessitati
649 1843 713 1874 per
729 1833 1030 1875 prosopopoeiam.¹
1055 1834 1184 1866 Torren.
1214 1833 1287 1865 Pro
1291 1833 1451 1873 samcltale
1466 1833 1556 1865 Dan.
1568 1833 1602 1864 in
1618 1843 1730 1875 marg.

241 1876 508 1915 facilitate.—l9
531 1876 631 1909 Leid.
648 1880 680 1909 5.
695 1877 827 1919 Ultraj.
851 1879 881 1908 1.
904 1879 935 1909 2.
960 1881 997 1909 et
1012 1876 1092 1909 vet.
1117 1877 1306 1909 desisterent
1318 1887 1331 1915 ,·
1356 1876 1456 1909 Harl.
1478 1877 1732 1910 discederent.—

251 1922 295 1952 2⁰
319 1919 430 1952 codd.
459 1920 602 1952 Torren.
641 1920 793 1962 quinque
826 1920 952 1961 cupida,
983 1925 1023 1952 ut
1051 1920 1236 1962 legebatur
1277 1925 1362 1953 ante
1387 1919 1647 1962 Pighium.—-2l
1670 1919 1731 1954 Sic

251 1962 397 2004 Pighius
414 1973 457 1994 ex
474 1963 611 1996 Winck.
631 1963 706 1996 Col.
720 1963 799 1996 Sus.
821 1967 859 1996 et
874 1963 988 1996 Pulm.
1006 1963 1130 1996 edidit.
1174 1963 1364 2006 Habetque
1395 1964 1443 1996 ita
1469 1963 1616 2005 Herbip.
1631 1963 1734 2002 innodo

251 2016 360 2038 rarum
375 2011 429 2039 est
443 2006 477 2038 in
493 2007 614 2048 Camp.
633 2006 774 2041 Gembl.
790 2006 914 2040 Atreb.
930 2007 1016 2048 Cop.
1033 2011 1182 2048 utroque
1198 2007 1294 2039 Med.
1312 2007 1412 2039 Harl.
1424 2006 1496 2039 Bit.
1513 2007 1618 2040 Barb.
1633 2006 1733 2040 Leid.

252 2050 344 2082 Ultr.
373 2060 443 2082 sec.
466 2054 502 2082 et
523 2051 604 2083 Vet.
632 2052 827 2083 moderatum
850 2050 1001 2093 quinque
1026 2050 1150 2083 Leidd.
1173 2051 1300 2093 Ultraj.
1323 2053 1354 2082 1.
1379 2049 1526 2093 etforte
1543 2050 1674 2084 Cauch.
1695 2054 1735 2083 et

252 2092 383 2125 Brand.
400 2103 464 2125 nec
481 2103 548 2125 non
566 2092 644 2127 edd.
657 2099 747 2127 vett.
764 2094 967 2126 Perizonius
991 2094 1083 2136 conj.
1102 2094 1279 2126 Casilinum
1300 2094 1462 2126 contraria
1483 2103 1514 2127 v.
1537 2104 1566 2127 c.
1588 2094 1732 2127 Torren.

253 2146 337 2169 vero
356 2137 532 2169 Casilinum
545 2137 723 2170 roboratum
737 2138 871 2178 virtute,
885 2138 1005 2170 clarum
1025 2138 1268 2180 perseverantis,
1283 2139 1338 2179 &a
1384 2137 1543 2179 Kappius
1558 2137 1735 2179 vulgatum

254 2178 412 2222 praefert,
429 2184 464 2213 et
477 2181 527 2212 sic
543 2180 778 2223 interpungit:
805 2182 843 2212 C.
860 2182 1067 2222 moderatum,
1090 2181 1129 2223 (i.
1154 2190 1186 2213 e.
1205 2180 1430 2221 modestum‚)
1457 2181 1577 2218 vir-tm
1599 2182 1733 2222 clarum,

251 2223 497 2265 perseverantis,
510 2225 564 2265 ᾅτ.
598 2224 727 2266 Ultraj.
742 2227 773 2257 l.
789 2224 896 2257 habet
923 2225 1041 2267 pignus
1057 2234 1119 2267 pro
1132 2223 1364 2266 pignora—22
1389 2224 1445 2257 Ita
1457 2224 1562 2257 etiam
1574 2223 1737 2258 Frontin.

927 2308 962 2341 N
965 2307 1075 2341 0⁷1*AE

284 2370 309 2393 ‘¹
326 2372 497 2413 Campanae
508 2369 613 2412 urbis]
638 2371 782 2413 Capuae,
799 2372 900 2415 cujus
913 2372 972 2405 de-

256 2423 344 2456 liciis
361 2422 475 2455 fracta
491 2423 698 2455 Hannibalis
715 2423 825 2455 virtus
842 2427 906 2456 est.

302 2480 325 2496 ¹¹¹
341 2474 582 2506 Perseveranlis
602 2473 771 2515 amicitioe]
809 2473 897 2506 Cum
928 2473 972 2506 ad

1028 2371 1174 2414 potitus.

1071 2427 1086 2458 'l
1102 2423 1170 2456 An.
1185 2423 1236 2456 M.
1249 2425 1348 2455 3838.
1373 2421 1431 2454 Ol.
1450 2424 1525 2455 141.
1540 2424 1572 2454 1.
1595 2420 1681 2455 Urb.
1696 2421 1738 2455 C·

1026 2477 1105 2507 537.
1129 2474 1213 2507 Ant.
1229 2475 1291 2507 Ch·
1305 2477 1382 2507 215.

257 2536 374 2558 muros
402 2535 504 2567 rapas
526 2525 765 2565 seminassent,
795 2523 973 2557 Hannibal

259 2576 389 2608 dixisse
404 2574 538 2607 fertur:
561 2576 570 2593 ‘
588 2575 696 2616 Eone,
710 2584 817 2617 usque
835 2574 915 2607 dum
931 2584 974 2607 ea

260 2631 462 2666 nascantur,
501 2625 545 2657 ad
583 2624 787 2658 Cassilinum
817 2634 973 2658 sessurus

262 2676 384 2709 sum?'
410 2686 597 2718 eorumque
623 2681 799 2718 permotus
815 2681 974 2709 coustan-

263 2729 324 2769 tia,
352 2728 396 2759 de
422 2727 610 2759 liberorum
639 2727 792 2769 capitum
817 2727 976 2770 redemp-

263 2779 357 2812 tione
374 2778 428 2820 agi
443 2787 564 2819 passus
583 2782 649 2820 est,
662 2782 699 2811 et
714 2778 798 2811 data
810 2777 877 2811 fide
892 2778 976 2811 urbe

1069 2530 1085 2547 ¹¹
1103 2526 1248 2558 Trecenti
1263 2524 1470 2566 Proenestini]
1497 2526 1571 2557 540.
1594 2523 1745 2565 δίταδος,

1027 2579 1104 2609 570.
1129 2577 1248 2608 Livius
1265 2580 1436 2607 numerat.

1070 2631 1085 2647 ⁰
1101 2627 1256 2659 Ducentis
1270 2626 1374 2667 potius
1383 2625 1539 2668 denariis]
1561 2626 1619 2658 Ita
1633 2625 1739 2658 etiam

1029 2677 1237 2709 Frontinus:
1273 2676 1399 2708 Strabo
1429 2676 1588 2709 ducentis
1617 2676 1739 2709 drach-

1031 2727 1108 2768 mis,
1130 2726 1262 2758 Plinius
1274 2725 1433 2759 ducentis
1452 2727 1599 2759 nummis
1611 2730 1738 2760 emtum

1031 2788 1164 2812 murem
1180 2782 1359 2811 memorat.
