1878 3132
293 177 380 221 722
683 189 893 223 VALERu
927 191 1122 223 ΜΑΧιΜι
1158 193 1252 224 [ΑΒ.
1289 194 1375 226 vu.

291 288 486 342 togatam
523 285 725 341 ingredi⁶
752 287 974 332 militiam.
1032 287 1234 334 Acerbe:
1270 305 1372 334 cum
1412 292 1761 348 improbissimis

293 356 411 398 enim
430 355 681 398 haeredibus
702 355 758 398 de
779 357 981 412 paternis
1001 358 1134 400 bonis
1156 359 1276 414 apud
1300 363 1628 405 centumviros³
1658 377 1761 416 con-

291 424 454 468 tendit:
485 425 780 481 omnibusque
803 439 892 468 non
913 428 1058 470 solum
1087 428 1306 480 consiliis,
1327 430 1407 471 sed
1429 431 1565 473 etiam
1587 435 1761 475 senten—

291 494 368 537 tiis
391 493 593 550 superior
613 493 835 537 discessit.

352 564 394 605 2.
441 563 557 607 Item
599 563 665 606 M.
684 563 883 606 Anneii⁷
915 563 1194 617 Carseolani,
1217 566 1570 621 splendidissimi
1593 569 1761 624 equitis

289 631 486 675 Romani
506 632 643 685 filius,
663 646 691 675 a
710 633 928 675 Sufenate
965 635 1187 677 avunculo
1227 648 1312 677 suo
1344 635 1604 691 adoptatus,
1626 640 1763 680 testa-

287 706 485 743 mentum
504 702 722 745 naturalis
739 703 896 757 patris,
919 716 1011 758 quo
1026 704 1278 759 praeteritus
1298 708 1404 756 erat,
1426 704 1545 759 apud
1567 708 1761 748 centum-

286 770 408 812 viros
428 769 627 822 rescidit,
643 783 744 812 cum
763 771 810 812 in
824 783 880 812 eo
901 771 1157 824 Tullianus,
1171 772 1377 828 Pompeii
1396 772 1551 828 Magni
1570 774 1762 817 familia-

285 840 364 891 ris,
386 841 489 896 ipso
511 840 694 895 quidem
714 840 935 896 Pompeio
961 841 1222 896 signatore,b
1241 842 1382 885 haeres
1410 843 1605 898 scriptus
1628 849 1760 888 esset.

286 908 445 966 Itaque
465 909 569 965 plus
601 909 666 952 illi
685 910 731 951 in
757 910 937 966 Judicio
960 925 1063 954 cum
1091 911 1461 954 excellentissimi
1491 912 1575 956 viri
1605 913 1760 968 gratia,

285 992 420 1035 quam
440 991 539 1021 cum
562 978 760 1034 parentis
778 979 1002 1023 cineribus
1018 980 1183 1035 negotii
1199 979 1298 1022 fuit.
1335 979 1539 1024 Ceterum
1554 982 1759 1037 quamvis

284 1052 475 1103 utraque
495 1047 597 1090 haec
618 1047 835 1091 adversus
850 1061 952 1091 eum
968 1048 1254 1100 nitebantur‚⁸
1277 1053 1427 1092 tamen
1439 1042 1625 1105 paterna
1637 1050 1759 1092 bona

285 1117 493 1159 obtinuit.
553 1116 673 1161 Nam
690 1116 744 1160 L.
767 1116 948 1173 quidem
977 1117 1194 1160 Sextilius
1215 1122 1262 1160 et
1295 1117 1350 1159 P.
1370 1116 1616 1173 Popilius,⁹
1643 1130 1760 1174 quos

283 1184 351 1227 M.
374 1184 577 1228 Anneius
598 1186 812 1240 sanguine
832 1186 920 1228 sibi
953 1185 1217 1241 conjunctos
1238 1185 1391 1228 eadem
1413 1199 1473 1228 ex
1492 1190 1636 1241 parte,
1666 1196 1759 1242 qua

282 1250 557 1307 Tullianum,
576 1255 777 1297 haeredes
795 1255 977 1306 fecerat,
998 1260 1285 1298 sacramento
1303 1268 1407 1297 cum
1425 1254 1760 1299 adolescentulo

283 1323 556 1367 contendere
589 1322 689 1365 ausi
710 1336 801 1366 non
829 1327 959 1377 sunt3
1002 1323 1184 1365 tametsi
1211 1323 1460 1379 praecipuis
1480 1336 1536 1365 eo
1558 1326 1758 1378 tempore

282 1393 439 1448 Magni
459 1392 632 1435 viribus
645 1398 680 1417 ¹⁰
710 1391 769 1434 ad
790 1391 1091 1434 defendendas
1111 1391 1289 1433 tabulas
1305 1390 1561 1433 testamenti
1580 1391 1759 1434 invitari

280 1465 501 1519 poterant.
562 1462 621 1504 Et
639 1461 964 1516 aliquantulum
980 1466 1012 1486 ¹¹
1045 1460 1292 1516 adjuvabat
1310 1460 1524 1512 haeredes,
1546 1460 1667 1516 quod
1689 1459 1755 1502 M.

284 1531 486 1575 Anneius
506 1531 553 1574 in
585 1530 814 1573 Sufenatis
846 1529 1063 1573 familiam
1103 1543 1158 1572 ac
1194 1542 1324 1572 sacra
1363 1529 1607 1572 transierat.
1667 1529 1757 1572 Sed

901 1659 1143 1673 009000100‘40

283 1746 352 1775 tur.
369 1744 399 1776 1.
423 1741 546 1775 Leidd.
569 1745 600 1775 5.
623 1745 656 1774 6.
683 1745 720 1774 et
743 1740 873 1782 Ultraj.
889 1742 920 1772 l.
943 1743 979 1772 ut
995 1749 1081 1778 τιστις
1102 1738 1209 1771 Barb.
1227 1740 1258 1770 1.
1281 1740 1318 1770 ut
1342 1740 1420 1776 aut,·
1441 1736 1567 1779 Ultraj.
1583 1739 1618 1770 2.
1639 1740 1676 1770 ut
1697 1747 1757 1776 ne,-

282 1786 374 1829 qnod
402 1795 521 1818 verum
552 1790 654 1828 putat
682 1785 891 1817 'sortem—6
915 1783 1040 1824 Copes.
1063 1786 1204 1823 togatam
1231 1781 1378 1822 aggredi.
1435 1780 1524 1812 Dan.
1554 1780 1756 1822 distinguit:

277 1830 406 1869 ingredi
419 1830 588 1862 militiam.-
608 1828 737 1861 acerbe.-
758 1837 839 1869 cum,
854 1828 971 1868 &sm—7
990 1827 1000 1844 ‘
1013 1826 1071 1858 Ita
1087 1824 1269 1867 legendum
1287 1824 1425 1856 videtur
1437 1834 1447 1864 ;
1461 1833 1542 1865 non,
1556 1828 1595 1856 ut
1611 1823 1757 1865 Pighius

281 1872 406 1915 edidit,
429 1873 480 1906 M.
495 1872 640 1906 Anneius
661 1872 712 1904 M.
732 1870 918 1903 Carseolani
929 1869 1035 1912 filius.
1080 1869 1224 1901 Habent
1246 1868 1297 1900 ita
1323 1872 1458 1899 veteres
1485 1867 1577 1910 typis
1602 1867 1758 1909 expressi

281 1926 413 1958 omues,
436 1920 472 1949 et
488 1916 663 1948 Brandeb.
679 1915 783 1953 item;
806 1914 873 1946 nisi
900 1912 993 1955 quod
1019 1911 1131 1944 Aldus
1151 1911 1258 1944 habet
1273 1910 1379 1944 Anci)
1404 1910 1520 1943 Vorst.
1563 1910 1573 1928 ⁴
1593 1910 1687 1951 Lege
1711 1920 1756 1942 ex

280 1961 377 1993 Msto
406 1961 456 1993 M.
470 1959 578 1993 Annei
600 1959 784 1991 Carseolani
810 1967 889 1989 cnm
904 1955 1070 1988 Vorstio!
1098 1955 1243 1987 Perizon.
1289 1955 1299 1972 ‘
1318 1953 1415 1986 Idem
1443 1953 1653 1995 praecipiunt
1666 1953 1755 1986 Mes.

281 2004 403 2036 nostri.
450 2004 522 2036 Pro
539 2003 703 2043 Sufenate,
718 2001 872 2044 quinque
887 2000 1018 2032 habent
1032 1998 1186 2038 Susanete
1195 2009 1208 2037 ‚·
1231 2002 1303 2029 tres
1319 1996 1508 2039 Suffennate
1517 2007 1530 2034 ‚·
1553 1996 1651 2029 Leid.
1667 2001 1755 2030 sext.

281 2046 475 2089 Suffrenate.
520 2047 604 2079 Anci
617 2045 748 2078 habent
764 2054 882 2077 omnes
899 2049 1026 2085 praeter
1042 2042 1187 2074 Mediol.
1204 2051 1282 2084 quae
1299 2039 1417 2073 Annoei
1437 2039 1606 2073 exhibet.'
1625 2040 1755 2073 Torren.

282 2091 381 2130 Mox,
402 2101 422 2123 a
437 2101 497 2132 quo
513 2091 549 2123 in
565 2091 691 2132 Copes.
717 2093 754 2121 et
770 2088 878 2120 Barb.
924 2085 1065 2119 Deinde
1081 2095 1150 2117 cum
1165 2095 1199 2117 eo
1225 2089 1298 2116 tres
1316 2083 1437 2116 Leidd.
1455 2083 1584 2125 Ultraj.
1599 2086 1631 2116 2.
1654 2083 1756 2116 Harl.

281 2133 396 2166 Bitur.
421 2139 458 2166 et
482 2134 588 2166 Barb.
615 2136 646 2166 1.
676 2133 795 2165 deleta
821 2129 1067 2174 praepositione
1093 2129 1139 2161 in.
1186 2127 1241 2160 Cf.
1257 2128 1378 2160 Wasse
1394 2127 1435 2159 ad
1452 2127 1534 2160 Sall.
1549 2127 1593 2159 B.
1607 2126 1641 2160 J.
1656 2128 1757 2159 69.-

281 2179 302 2208 8
326 2175 421 2209 Ante
437 2177 598 2217 Pighium
614 2176 783 2208 edebatur
797 2176 945 2207 adversus
959 2183 1005 2214 se,
1027 2177 1066 2204 ut
1092 2172 1219 2213 legitur
1240 2172 1275 2203 in
1297 2169 1394 2203 Med.
1410 2171 1544 2211 primo;
1570 2168 1669 2203 Leid.
1685 2178 1757 2202 sec.

281 2221 413 2252 adversa
423 2220 608 2252 videbantur
618 2231 631 2258 ,·
647 2219 744 2252 Leid.
759 2223 849 2251 sext.
862 2218 1011 2249 adversus
1023 2216 1229 2248 mittebantur
1236 2226 1249 2253 ,·
1263 2215 1349 2256 Cop.
1363 2213 1460 2246 Leid.
1473 2217 1504 2245 1.
1516 2216 1548 2245 2.
1559 2217 1592 2246 5.
1602 2215 1635 2245 7.
1654 2212 1753 2244 Harl.

279 2263 389 2297 Barb.
401 2267 437 2295 et
452 2264 524 2295 Bit.
541 2263 704 2295 omittunt
720 2270 930 2304 pronomen:
947 2260 1073 2301 Ultraj.
1085 2262 1114 2290 1.
1129 2260 1290 2290 adversum
1309 2257 1566 2289 nitebantur.—9
1579 2255 1710 2297 Ultraj.
1721 2258 1755 2287 2.

281 2307 325 2340 P.
337 2306 548 2348 Pomponium
561 2306 656 2338 Med.
667 2309 742 2338 1.et
754 2305 839 2346 Cop.
856 2304 895 2335 P.
911 2303 1084 2345 Pompilius
1091 2312 1105 2341 ,0
1117 2301 1213 2334 Leid.
1226 2305 1313 2333 sext.
1326 2301 1449 2332 Paulus
1457 2299 1618 2340 Popilius.-
1633 2304 1756 2340 postea

281 2350 380 2382 Med.
397 2350 498 2392 prim.
515 2354 554 2382 et
569 2348 669 2382 Leid.
683 2348 793 2390 quint.
814 2346 994 2380 Tullianum
1010 2344 1396 2384 hoeredemsecerat.-10
1412 2343 1563 2375 Bitur.l.
1581 2346 1619 2374 et
1629 2341 1756 2382 Ultraj.

281 2396 313 2426 2.
350 2394 467 2435 Magni
494 2392 643 2435 Pompeii
668 2390 799 2423 viribus.
845 2389 976 2422 Medic.
1005 2392 1037 2421 l.
1064 2389 1170 2428 delet,
1190 2398 1225 2421 eo
1249 2388 1482 2429 tempora—ll
1510 2384 1640 2418 Medic.
1667 2387 1699 2416 l.
1723 2387 1756 2416 2.

946 2489 1093 2523 NOTAE

324 2577 340 2594 ²
354 2572 449 2614 Apud
472 2570 696 2612 centumviros]
728 2569 752 2604 J
757 2569 873 2602 udices
890 2572 992 2601 erant
1045 2567 1183 2608 mentis,
1196 2570 1233 2600 et
1245 2566 1320 2598 aliis
1335 2564 1371 2597 id
1388 2573 1495 2606 genus
1509 2571 1733 2604 cognoscere.

282 2632 326 2655 ex
349 2626 403 2656 35.
423 2622 582 2656 tribubus
605 2621 699 2655 terni
725 2620 874 2661 delecti3
909 2629 991 2662 quo·
1087 2617 1103 2639 ¹²
1128 2618 1280 2659 Pompeio
1316 2613 1491 2656 signatore]
1534 2614 1756 2646 Testamenta

281 2683 356 2706 rum
382 2683 558 2715 numerus,
575 2678 667 2706 teste
695 2672 810 2705 Plinio
831 2671 990 2713 sunium,
1044 2668 1121 2702 fieri
1150 2678 1267 2702 coram
1297 2671 1432 2708 septem
1470 2664 1617 2698 testibus
1650 2663 1755 2697 moris

282 2724 326 2757 ad
344 2727 419 2758 180.
445 2725 580 2764 crevit:
612 2725 732 2756 horum
749 2727 824 2756 erat
839 2723 883 2755 de
899 2726 990 2755 tute·
1045 2725 1133 2762 erat,
1147 2729 1291 2763 quorum
1303 2718 1446 2761 quisque
1456 2726 1555 2749 suum
1567 2719 1753 2748 testamen-

282 2776 337 2817 lis,
361 2776 618 2818 agnationibus,
646 2775 859 2818 gentilitate,
883 2779 990 2807 testa·
1045 2777 1081 2804 to
1097 2771 1231 2813 signum
1245 2769 1473 2812 imprimeret.
