1878 3132
273 159 361 205 894
667 173 879 205 VAnnuu
914 173 1109 204 MAxnul
1141 173 1239 205 Lm.
1270 173 1344 204 rx.

272 269 464 325 plissimi
502 271 614 314 civis
652 273 698 314 in
733 273 937 327 personis
966 272 1263 314 mediocribus
1294 274 1544 314 annotante.
1602 270 1742 323 Quod

273 338 451 393 quidem
484 339 713 383 fortuitum
746 340 983 383 ludibrium
1019 340 1152 394 quasi
1186 339 1518 382 haereditarium
1553 339 1610 381 ad
1641 351 1744 381 eum

273 406 558 460 penetravit?

329 473 372 516 2.
404 473 524 516 Nam
551 479 676 530 pater
710 488 890 531 quoque
910 473 1037 530 ejusb
1080 487 1135 516 eo
1168 488 1308 529 usque
1337 473 1612 529 Menogenis,
1642 472 1748 516 coci

272 542 357 593 sui,
378 543 540 585 similis
560 557 659 586 esse
679 545 803 587 visus
838 549 921 594 est,
953 547 1006 585 ut
1022 542 1104 594 vir,
1140 546 1186 585 et
1214 542 1342 584 ferox
1373 542 1524 584 animo
1557 544 1602 583 et
1629 553 1747 597 prae-

271 614 434 670 potens
474 612 609 654 armis
648 612 879 654 sordidum
923 611 1019 667 ejus
1058 623 1219 652 nomen
1261 611 1468 666 repellere
1503 623 1532 652 a
1570 621 1619 652 se
1658 620 1747 651 non

271 678 494 721 valuerita*

327 746 370 788 3.
403 746 596 789 Eximiae
619 759 724 788 vero
745 745 996 787 nobilitatis
1014 745 1279 788 adolescens
1300 744 1535 788 Cornelius
1557 744 1749 800 Scipio?

272 826 372 855 cum
407 814 617 868 plurimis
659 817 702 856 et
744 814 1006 856 clarissimis
1044 813 1228 856 familiae
1268 826 1363 856 suae
1404 812 1751 868 cognominibus

272 881 535 933 abundaret,
557 883 604 924 in
623 882 828 926 servilem
849 882 1110 936 Serapionis
1143 882 1493 937 appellationem
1513 880 1637 935 vulgi
1656 892 1749 923 ser-

270 961 399 991 mone
438 950 663 1004 impactus
703 951 802 1002 est?
845 950 970 1005 quod
1008 949 1231 1005 hujusce*
1276 949 1466 992 nominis
1496 947 1748 992 victimario

271 1030 405 1070 quam
428 1018 590 1060 similis
623 1023 735 1061 erat.
798 1018 895 1061 Nec
923 1018 991 1060 illi
1022 1022 1099 1061 aut
1126 1031 1298 1060 -morum
1333 1017 1553 1072 probitas,
1580 1020 1658 1058 aut
1677 1028 1747 1057 re-

272 1088 455 1139 spectus
476 1089 545 1128 tot
576 1086 833 1140 imaginum,
854 1099 943 1142 quo
965 1087 1113 1130 minus
1132 1087 1215 1129 hac
1245 1086 1518 1128 contumelia
1538 1094 1747 1139 asperge-

270 1156 403 1204 retur,
424 1153 645 1208 opitulata
657 1156 821 1196 sunt.⁵‡

327 1222 371 1262 4.
413 1221 820 1264 Generosissimum
859 1223 1126 1265 consulatus
1163 1221 1436 1276 collegium⁶
1480 1219 1659 1265 Lentuli
1699 1221 1751 1266 et

271 1287 447 1330 Metelli
461 1287 480 1312 ‘¹
508 1289 613 1332 fuit:
644 1291 724 1345 qui
741 1291 875 1332 ambo
889 1291 935 1332 in
948 1304 1084 1334 scena
1102 1299 1287 1346 propter
1304 1289 1639 1332 similitudinem
1654 1286 1747 1333 his-

271 1355 466 1398 trionum
485 1357 812 1411 propemodum
828 1358 1023 1412 spectati
1052 1361 1166 1400 sunt.
1225 1357 1315 1400 Sed
1338 1358 1454 1399 alter
1472 1369 1530 1398 ex
1552 1354 1747 1410 quodam

271 1423 594 1466 secundarum⁷
625 1438 873 1480 cognomen
903 1425 1153 1481 Spintheris
1172 1425 1339 1468 traxit:
1385 1425 1508 1477 alter,
1540 1423 1630 1468 nisi
1650 1421 1746 1466 Ne-

315 1527 329 1549 ⁶
346 1529 460 1571 Populi
474 1535 614 1564 sermone
627 1531 682 1564 ille
696 1531 780 1564 servi
795 1530 976 1573 Serapionis
992 1540 1101 1563 nomen
1113 1530 1234 1563 habuit.

894 1629 1131 1641 MNOWO

273 1690 386 1726 Bitnr.
402 1695 434 1724 1.
460 1693 585 1734 hujusce
600 1693 735 1727 hominis
746 1694 943 1734 victimarii,·
967 1695 1094 1736 Ultraj.
1110 1696 1141 1725 l.
1159 1692 1278 1732 etiam,
1291 1692 1478 1725 victimarii.
1521 1692 1608 1724 Mox
1618 1690 1748 1735 aliquot

273 1734 374 1767 codd.
397 1745 475 1768 cum
490 1737 595 1769 Aldd.
619 1738 730 1770 Colin.
745 1737 877 1779 Gryph.
893 1743 929 1769 et
943 1738 1065 1778 Steph.
1082 1737 1248 1769 omittunt
1261 1747 1376 1777 quam3
1392 1734 1538 1768 Asceus.
1555 1735 1660 1767 habet
1674 1743 1746 1776 per-

272 1777 387 1810 similis
399 1783 468 1811 erat
481 1789 492 1810 .·
506 1780 604 1812 Leid.
617 1784 649 1812 5.
663 1785 701 1813 et
714 1781 821 1812 Barb.
836 1783 868 1813 1.
883 1781 1062 1812 victimario
1071 1779 1243 1812 consimilis
1253 1782 1397 1812 erat—5
1411 1779 1502 1810 ‘Pro
1517 1778 1671 1819 opitulata
1684 1779 1746 1817 est,

274 1822 429 1854 nonnulli
443 1822 597 1863 opitulata
610 1828 695 1856 sunt.
718 1823 918 1855 Perizonius
934 1824 1092 1865 rogabat,
1109 1832 1151 1854 an
1166 1822 1205 1854 τὸ
1219 1826 1266 1854 est
1282 1821 1467 1854 delendum
1482 1827 1599 1860 esset;
1620 1828 1747 1860 nempe

275 1865 357 1905 quia
370 1866 525 1906 opitulata
550 1870 598 1898 est
624 1867 840 1898 incommode
856 1865 1008 1899 refertur
1024 1867 1067 1898 ad
1084 1866 1178 1908 prius
1199 1875 1319 1897 morum
1331 1865 1474 1906 probitas
1484 1875 1500 1896 .·,
1512 1862 1614 1895 malui
1629 1863 1747 1904 itaque

273 1907 367 1939 sunt?
387 1909 599 1942 Torren.—-6
621 1909 680 1941 Ita
693 1910 833 1951 Pighius
849 1919 893 1941 ex
905 1910 992 1942 Mss.
1007 1919 1072 1942 nec
1087 1909 1189 1942 aliter
1201 1918 1286 1940 unus
1295 1907 1424 1940 Brand.
1439 1912 1476 1939 et
1487 1906 1580 1939 Ultr.
1590 1911 1747 1948 uterque.

275 1949 367 1982 Alii:
390 1951 656 1985 Generosissimus
669 1953 846 1984 consulatus
860 1953 988 1993 collegio
997 1963 1010 1990 ,·
1037 1951 1130 1994 quod
1153 1952 1260 1993 magis
1281 1952 1398 1992 placet
1413 1950 1599 1993 Gronovio,
1621 1949 1682 1991 qui
1697 1953 1748 1980 ta·

275 2003 353 2024 men
370 2003 414 2026 ex
438 2000 524 2027 vett.
540 1995 642 2028 editt.
658 2006 698 2027 ae
720 1996 807 2029 Mss.
823 1997 1020 2028 melioribus
1041 1996 1224 2036 legendum
1242 1998 1343 2035 putat
1360 1993 1626 2026 Generosi-§simus
1638 2001 1748 2023 consu-

275 2037 371 2077 zatus,
385 2038 563 2078 collegium,
580 2043 683 2081 atque
699 2039 747 2071 ita
765 2039 858 2071 clare
873 2039 955 2072 Vet.
972 2039 1057 2071 Mox
1074 2038 1236 2070 Barthius
1253 2037 1350 2078 legit,
1364 2038 1398 2069 in
1411 2046 1503 2068 scena
1513 2045 1608 2077 prope
1621 2034 1748 2067 histrio-

275 2089 350 2110 num
363 2081 451 2112 modo
461 2083 595 2122 spectati
607 2086 692 2122 sunt,
707 2083 730 2115 i.
747 2092 776 2114 e.
793 2091 891 2124 aeque
903 2092 944 2114 ao
958 2082 1218 2114 histriones.—⁷
1236 2080 1324 2112 Edd.
1340 2085 1420 2112 ante
1435 2078 1750 2121 Pigh.assectamm,·

277 2122 420 2162 Pighius
436 2134 515 2156 mox
533 2125 628 2156 delet
651 2125 769 2166 traxit,
794 2129 830 2157 et
846 2135 910 2166 pro
924 2124 1065 2165 retiarii,
1086 2129 1124 2156 ut
1149 2124 1183 2155 in
1206 2123 1286 2155 edd.
1303 2127 1389 2155 vett.
1405 2126 1441 2154 et
1455 2122 1632 2163 plerisque
1644 2119 1747 2153 codd.

275 2167 432 2207 reposuit
462 2172 630 2210 nostrum,
656 2169 838 2201 tertiarum.
881 2168 953 2200 Pro
979 2179 1000 2200 α
1029 2167 1176 2206 moribus,
1205 2166 1364 2199 Perizon.
1395 2166 1488 2207 conj.
1517 2175 1538 2198 a
1566 2162 1747 2205 mqy'oribus.

944 2254 1086 2287 NOTAE

321 2317 341 2335 ¹*
358 2316 426 2350 An.
441 2318 493 2350 M.
510 2320 608 2352 3996.
632 2318 690 2351 Ol.
707 2321 781 2351 180.
794 2321 827 2352 3.
850 2318 936 2352 Urb.
948 2320 987 2352 C.
1042 2319 1197 2352 Curiatio
1212 2317 1369 2350 Tribuno
1386 2315 1495 2358 plebis
1515 2314 1661 2348 inditum
1684 2317 1750 2354 est,

277 2370 354 2400 695.
378 2368 462 2401 Ant.
477 2369 540 2402 Ch.
557 2373 609 2402 57.
1041 2370 1093 2402 uti
1108 2369 1270 2401 diximus.

322 2417 337 2439 b
354 2419 453 2451 Pater
463 2430 580 2461 quoque
591 2419 670 2462 ejus]
692 2420 878 2462 Pompeius
893 2420 987 2452 Stra-
1085 2423 1100 2458 ἐς
1117 2419 1183 2451 An.
1201 2419 1252 2450 M.
1268 2421 1364 2450 3916.
1388 2417 1445 2450 Ol.
1462 2420 1537 2449 160.
1553 2419 1585 2449 3.
1607 2415 1692 2449 Urb.
1706 2414 1747 2448 C.

278 2469 323 2501 bo
342 2481 351 2502 ς
391 2471 481 2502 unde
516 2481 646 2514 coquus
679 2471 738 2504 ille
774 2472 986 2513 Monogenes
1040 2473 1117 2503 615.
1140 2469 1224 2502 Ant.
1241 2470 1302 2502 Ch.
1320 2472 1397 2501 13⁷.

279 2520 404 2552 Strabo
422 2522 522 2562 vulgo
537 2521 732 2555 dicebatur.
1083 2518 1100 2540 ‘¹
1120 2518 1251 2551 Lentuli
1275 2522 1307 2550 et
1333 2517 1474 2558 Metelli]
1510 2516 1551 2550 P.
1581 2514 1748 2548 Lentulus

323 2575 338 2605 †
356 2570 422 2602 An.
439 2571 491 2603 M.
507 2574 605 2605 3965.
628 2572 687 2606 Ol.
704 2575 779 2605 172.
793 2575 825 2605 4.
849 2572 935 2606 Urb.
948 2572 987 2605 C.
1040 2570 1218 2612 Spinther,
1235 2574 1269 2602 et
1285 2570 1330 2603 Q.
1344 2569 1507 2601 Metellus
1525 2567 1658 2609 Nepos,
1675 2566 1749 2609 qui,

279 2622 355 2652 664.
380 2620 462 2653 Ant.
480 2623 542 2655 Ch.
560 2626 613 2656 88.
1041 2621 1105 2654 bus
1121 2620 1325 2652 Consulibus
1340 2619 1462 2651 Cicero
1476 2617 1656 2650 restitutus
1672 2619 1746 2648 est:

323 2675 337 2691 c
363 2672 526 2705 Cornelius
538 2673 659 2716 Scipio]
683 2674 825 2715 Nasica,
848 2674 905 2706 cui
929 2673 988 2706 Se·
1042 2671 1098 2703 ille
1113 2671 1282 2710 Ciliciam,
1305 2669 1360 2702 hic
1386 2668 1589 2709 Hispaniam
1611 2666 1749 2706 citerio-

280 2723 429 2764 rapionis
455 2734 591 2767 nomen,
614 2735 680 2758 non
706 2735 725 2757 a
752 2725 865 2766 plebe,
891 2725 952 2757 sed
968 2734 989 2757 a
1041 2732 1114 2755 rem
1129 2722 1352 2755 aConsulatu
1368 2719 1531 2753 obtinuit.
