1878 3132
340 189 519 226 cmv.
553 189 619 222 nn
654 187 1052 221 nsnsvonmwrm
1087 188 1382 220 FRATBRNA.
1526 178 1614 221 559

123 288 225 344 ipso
245 292 413 340 tamen,
435 299 528 344 quo
548 287 642 331 vita
659 290 704 330 et
722 299 847 330 mors
874 284 1177 340 distinguitur,
1197 289 1439 338 momento,
1471 287 1485 308 ‘
1504 285 1615 342 legi-

123 369 234 400 ones
255 370 359 400 cum
392 356 646 411 insignibus
677 355 772 398 suis
802 354 927 398 fratri
959 354 1142 397 obviam
1171 353 1430 409 procedere'
1454 354 1612 411 jussit,

123 429 138 449 ‘
158 431 210 470 ut
227 426 469 482 imperator
487 423 790 468 salutaretur.'
850 423 1081 478 Praecepit
1103 428 1136 456 ¹⁹
1163 422 1315 475 etiam,
1345 425 1358 445 ‘
1380 423 1537 466 dextra
1555 425 1614 471 ,in

123 499 251 551 parte
270 493 538 550 praetorium
567 492 611 535 ei
641 492 808 544 statui‚’
828 497 875 536 et
904 495 918 514 ‘
940 491 1180 535 consulare
1201 495 1248 535 et
1277 493 1614 548 imperatorium

124 576 287 606 nomen
317 559 541 606 obtinere’
562 560 720 605 voluit.
780 560 1047 616 Eodemque
1081 564 1300 615 tempore,
1337 564 1383 603 et
1410 560 1616 603 fraternae

124 630 351 686 majestati
367 630 524 682 cessit,
538 634 582 673 et
604 629 696 674 vita
716 631 955 673 excessit.‡
993 629 1085 672 His
1106 630 1204 672 scio
1225 630 1436 685 equidem
1448 630 1616 673 nullum

125 699 248 743 aliud
272 712 414 755 ,quam
447 698 653 742 Castoris
687 704 732 743 et
763 699 972 743 Pollucis
1006 699 1235 755 specimen
1273 698 1618 753 consanguineae

126 769 329 811 caritatis
349 769 660 812 convenienter
680 768 820 825 adjici
841 781 996 824 posse.
1018 772 1055 792 ²0

181 837 224 879 4.
255 836 348 880 Sed
364 837 509 880 omnis
524 837 751 880 memoriae
766 837 1033 880 clarissimis
1048 837 1399 892 imperatoribus
1412 835 1620 892 profecto

124 918 211 947 non
229 905 314 948 erit
333 906 574 960 ingratum,
595 910 629 931 ²¹
665 906 706 948 si
734 905 894 949 militis
925 919 1102 949 summa
1135 919 1244 962 erga
1274 905 1455 949 fratrem
1486 918 1620 959 sumn

125 973 271 1027 pietas
289 974 394 1017 huic
410 975 648 1017 voluminis
663 974 782 1030 parti
803 974 1058 1017 adhaeserit.
1119 974 1168 1016 Is
1184 988 1380 1030 namque
1398 974 1444 1016 in
1457 975 1618 1018 castris

121 1041 203 1085 Cn.
226 1042 462 1098 Pompeii¹¹
481 1043 707 1100 stipendia
728 1043 1084 1099 peragens‚‘cum
1107 1043 1409 1086 Sertorianum
1432 1043 1617 1086 militem

125 1112 274 1154 acrius
294 1113 384 1155 sibi
404 1114 451 1155 in
471 1113 570 1156 acie
583 1116 621 1136 ²²
641 1113 882 1155 instantem
912 1112 1113 1155 cominus
1134 1112 1450 1164 interemisset,
1462 1112 1620 1168 jacen-

126 1184 304 1237 temque
343 1183 589 1238 spoliaret:
633 1187 688 1225 ut
726 1182 908 1225 fratrem
950 1195 1213 1237 germanum
1253 1195 1354 1224 esse
1394 1181 1621 1235 cognovit,

125 1250 314 1293 multum
335 1265 390 1296 ac
423 1252 502 1294 diu
524 1252 725 1295 convitio
748 1252 873 1295 Deos
886 1256 920 1282 ²³
954 1252 1014 1295 ob
1047 1251 1218 1294 donum
1237 1251 1392 1307 impiae
1411 1249 1619 1294 victoriae

125 1319 376 1372 insecutus,
397 1324 436 1352 ²⁴
483 1333 626 1377 prope
669 1325 821 1364 castra
867 1321 1113 1373 transtulit,
1157 1326 1204 1363 et
1245 1321 1450 1376 pretiosa
1489 1323 1621 1362 veste

127 1392 334 1443 opertum
363 1401 474 1444 rogo
505 1389 740 1445 imposuit.
799 1388 872 1432 Ac
909 1389 1072 1433 deinde
1118 1389 1328 1446 subjecta
1360 1390 1477 1440 face,
1518 1402 1623 1445 pro·

127 1457 249 1500 tinus
283 1457 442 1501 eodem
473 1458 640 1514 gladio,
672 1473 762 1515 quo
797 1459 932 1502 illum
965 1459 1270 1511 interemerat,
1300 1463 1462 1515 pectus
1491 1471 1622 1501 suum

126 1526 536 1570 transverberavit:
580 1541 719 1583 seque
755 1541 893 1583 super
932 1540 1100 1583 corpus
1137 1528 1291 1571 fratris
1329 1532 1624 1584 prostratum,

127 1596 438 1638 communibus
466 1595 662 1639 flammis
693 1597 981 1640 cremandum
1016 1597 1219 1641 tradidit.
1281 1597 1472 1640 Licebat
1491 1597 1623 1652 igno-

126 1664 284 1707 rantiae
314 1664 534 1708 beneficio
562 1665 794 1708 innocenti
815 1665 987 1709 vivere:
1019 1666 1099 1709 sed
1129 1671 1184 1709 ut
1218 1680 1303 1710 sua
1334 1666 1488 1723 potius
1526 1665 1624 1721 pie-

127 1735 238 1784 tate,
259 1746 396 1788 quam
426 1733 572 1777 aliena
592 1734 724 1777 venia
755 1737 972 1786 uteretur,
1006 1748 1160 1779 comes
1182 1735 1391 1780 fratemae
1413 1735 1515 1778 neci
1534 1746 1625 1777 non

128 1800 285 1845 defuit.
305 1807 326 1827 '⁵

751 1881 995 1894 “COOmOOOO

128 1946 242 1979 Bitur.
256 1947 287 1978 1.
317 1946 425 1979 solnm
449 1950 657 1980 tamem—19
679 1947 737 1980 Ita
762 1948 908 1990 Pighius
922 1958 965 1981 ex
982 1948 1088 1983 codd.
1129 1948 1332 1982 Perizonius
1350 1952 1516 1991 punctum
1532 1953 1615 1982 ante

125 1989 279 2032 praecepit
305 1989 414 2031 delet,
438 1995 476 2023 et
503 1995 583 2034 post
609 1992 700 2024 hanc
715 2001 836 2025 vocem
853 1993 965 2034 ponit,
980 1997 1088 2036 atque
1104 1998 1186 2025 ante
1199 1999 1234 2025 ut
1250 1993 1425 2034 imperator
1439 2003 1518 2026 cum
1534 1993 1619 2025 Vet-

129 2033 494 2075 eliisqueetintrudit.
539 2034 672 2068 Medic.
687 2038 722 2068 2.
749 2046 813 2078 pro
825 2037 1021 2069 salutaretur
1035 2036 1144 2070 habet
1171 2037 1438 2070 consalutaretur.
1482 2036 1621 2069 Deinde

129 2082 211 2110 octo
222 2076 371 2109 Torren.
386 2078 535 2110 dextram
545 2079 580 2110 in
592 2082 815 2121 partem—20
838 2080 948 2113 Barb.
965 2083 996 2114 1.
1012 2086 1051 2113 et
1068 2080 1201 2113 Medic.
1217 2083 1248 2113 1.
1264 2082 1380 2113 adduci
1387 2091 1478 2123 posse
1488 2091 1502 2120 ,-
1518 2080 1623 2113 Harl.

126 2120 264 2162 adipisci
281 2124 466 2161 possa-21
492 2121 658 2165 Plerique
684 2123 806 2166 scripti
833 2124 898 2156 hoc
922 2123 1073 2157 ordine:
1097 2124 1265 2165 ingratum
1291 2134 1354 2156 non
1382 2125 1445 2157 erit
1459 2134 1472 2162 ,·
1506 2124 1615 2157 item:

128 2163 201 2196 huic
227 2165 315 2205 paren·
344 2164 608 2198 volumina—22
641 2167 756 2209 Vulgo
784 2172 867 2200 ante
898 2167 1062 2210 Pighium
1090 2168 1126 2200 in
1155 2168 1258 2201 aciem
1289 2178 1358 2200 non
1389 2167 1621 2210 probantibus

129 2207 232 2240 codd.
255 2207 444 2250 plerisque.
496 2209 638 2242 Deinde
654 2211 874 2253 jacentemque
887 2212 1080 2253 despoliaret
1095 2211 1131 2244 in
1148 2212 1369 2254 Copes.—23
1393 2211 1493 2244 Idem
1510 2211 1622 2244 codex

128 2250 268 2284 convicio
292 2254 518 2294 superam—24
546 2253 604 2286 Sic
633 2254 795 2286 undecim
821 2254 923 2288 codd.
952 2255 1098 2288 Torren.
1129 2265 1207 2288 cum
1234 2256 1318 2288 Vet.
1346 2256 1446 2298 Mog.
1474 2256 1622 2298 aliisque

129 2294 212 2371 ¹egri..
239 2300 322 2328 ante
349 2295 524 2338 Pighium‚
549 2296 608 2340 qui
630 2296 778 2331 dederat
803 2298 990 2332 insectatus.
1040 2300 1209 2333 Nostram
1233 2300 1316 2333 lect.
1342 2299 1523 2332 revocavit
1538 2299 1623 2331 Tor·

170 2348 258 2372 mus.

800 2406 947 2441 NOTAE

175 2491 191 2526 t
215 2486 284 2520 An.
300 2487 352 2520 M.
367 2490 467 2521 4045.
482 2487 540 2521 01.
559 2491 634 2522 192.
650 2491 682 2523 4.
694 2489 782 2523 Urb.
800 2489 841 2523 C.
897 2489 1040 2523 fuerunt
1053 2490 1250 2534 hujusmodi
1277 2490 1453 2532 exempla,
1478 2489 1533 2521 vel
1560 2497 1622 2520 eo·

130 2541 208 2572 ⁷44.
225 2538 310 2572 Ant.
326 2540 390 2572 Ch.
403 2542 436 2573 8.
897 2553 973 2576 rum
1005 2544 1095 2576 alter
1122 2542 1281 2577 fallitur:
1319 2550 1412 2585 uter,
1442 2542 1471 2575 si
1494 2541 1619 2584 possis,

172 2589 189 2611 '¹
212 2591 254 2623 1η
269 2592 386 2624 castris
404 2592 467 2625 Cn.
486 2592 645 2635 Pompeii]
661 2592 703 2625 In
718 2593 842 2626 castris
897 2596 1049 2638 conjice.

132 2641 253 2674 Cinnae
270 2642 306 2674 id
323 2643 513 2686 contigIsse
530 2643 638 2676 tradit
653 2643 847 2677 Abbrevia-
943 2646 964 2666 ⁸
985 2646 1054 2680 An.
1071 2647 1124 2680 M.
1141 2649 1240 2680 3978.
1258 2647 1317 2680 01.
1332 2648 1407 2679 176.
1423 2648 1454 2678 1.
1471 2643 1557 2678 Urb.
1580 2643 1620 2677 C.

134 2696 190 2724 tor
215 2693 306 2726 Livii
327 2694 387 2727 lib·
412 2703 542 2729 Lxxxx.
567 2706 689 2739 quare,
705 2696 762 2729 vel
777 2696 847 2730 duo
900 2699 978 2731 677.
995 2697 1080 2731 Ant.
1096 2698 1160 2731 Ch.
1176 2700 1232 2730 75.
