1878 3132
238 187 326 232 506
633 195 848 228 VALERII
883 195 1077 228 MAX1M1
1111 197 1207 229 LIB.
1240 196 1283 228 V.

297 295 339 336 6.
370 291 571 335 Africani
590 304 768 346 quoque
797 292 1055 346 posterioris
1080 292 1336 346 humanitas
1362 292 1568 347 speciose
1580 296 1619 325 4²
1647 292 1710 336 la·

240 367 376 416 teque
410 360 566 415 patuit.
627 358 900 414 Expugnata
930 360 1046 401 enim
1086 359 1371 414 Carthagine,
1393 361 1514 403 circa
1541 361 1711 403 Siciliae

241 430 448 472 civitates
479 428 635 470 literas
661 428 798 477 misit,
818 431 868 469 ut
897 432 1159 470 ornamenta
1186 428 1454 483 templorum
1481 440 1663 470 suorum
1682 440 1712 470 a

242 497 399 540 Poenis
418 500 545 551 rapta
566 509 645 550 per
665 495 834 550 legatos
854 500 1181 550 recuperarent,
1202 496 1339 551 inque
1363 495 1570 551 pristinis
1595 494 1712 538 sedi-

238 566 325 607 bus
354 563 610 620 reponenda
643 567 864 606 curarent.
925 563 1202 606 Beneficium
1232 565 1337 608 Diis
1371 566 1542 620 pariter
1572 569 1710 620 atque

239 633 492 676 hominibus
514 636 781 687 acceptum.‡
1462 631 1466 636 ’

300 703 342 744 7.
373 701 498 743 Huic
525 700 646 742 facto
666 713 750 754 par
769 698 973 754 ejusdem
992 699 1077 743 viri
1087 704 1122 731 4³
1154 700 1443 744 humanitas.⁰
1501 700 1543 744 A
1563 714 1715 757 quaes-

242 773 338 812 tore
367 782 451 811 suo
480 769 618 811 hastae
650 768 884 824 subiectos
911 769 1121 823 captivos
1151 769 1362 811 vendente
1394 782 1506 825 puer
1531 769 1711 812 eximiae

242 835 399 881 formae
416 841 462 896 et
480 836 680 879 liberalis
699 835 884 878 habitus
903 836 1066 878 missus
1088 840 1175 879 est.
1234 837 1306 879 De
1324 850 1413 892 quo
1427 850 1532 880 cum
1551 837 1715 893 explo-

242 910 403 956 rasset,
436 904 682 948 Numidam
714 900 814 946 esse
844 905 1002 947 orbum
1030 905 1230 947 relictum
1253 919 1280 948 a
1309 909 1449 960 patre,
1470 906 1716 949 educatum

244 974 366 1028 apud
387 973 657 1016 avunculum
677 973 986 1025 Masinissam,
1005 987 1060 1016 eo
1092 974 1319 1028 ignorante
1337 975 1616 1018 immaturam
1637 974 1715 1017 ad-

242 1055 397 1086 versus
431 1042 662 1093 Romanos
697 1043 947 1096 ingressum
979 1043 1212 1096 militiam;
1243 1047 1287 1085 et
1321 1043 1459 1087 errori
1491 1043 1615 1085 illius
1645 1054 1718 1085 ve·

243 1111 364 1153 niam
385 1110 591 1162 dandam,
614 1114 660 1153 et
691 1110 908 1153 amicitiae
942 1111 1060 1165 regis
1089 1110 1328 1153 fidissimip
1356 1111 1527 1166 populo
1548 1109 1716 1153 Roma-

243 1192 301 1221 no
322 1179 519 1222 debitam
541 1180 871 1223 venerationem
901 1179 1232 1222 tribuendam44
1262 1179 1562 1222 existimavit.
1613 1177 1717 1221 lta-

245 1261 332 1303 que
361 1261 548 1303 puerum
579 1249 758 1301 annulo,
779 1248 1012 1304 fibulaque
1040 1261 1193 1299 aurea,
1216 1253 1263 1290 et
1286 1248 1441 1290 tunica
1470 1247 1717 1298 laticlavia,

247 1315 547 1373 Hispanoque
569 1319 743 1374 sagulo,
763 1322 807 1361 et
826 1323 980 1361 ornato
999 1331 1115 1373 equo
1136 1318 1362 1368 donatum,
1375 1317 1494 1359 datis
1513 1315 1593 1371 qui
1613 1327 1718 1358 eum

245 1392 620 1441 prosequerentur
652 1388 892 1443 equitibus,
918 1387 978 1430 ad
1011 1386 1308 1429 Masinissam
1338 1385 1562 1428 remisit.4⁵
1621 1383 1718 1427 Eos

862 1496 1103 1509 OOO‘OOOOOO‘O

247 1558 451 1592 Perizonius
467 1561 554 1603 legit
563 1562 714 1604 speciosa,
725 1572 774 1596 sc.
788 1561 875 1604 fnit;
897 1564 1033 1606 spatiose
1047 1563 1081 1595 in
1099 1561 1270 1595 nonnullis
1282 1561 1513 1593 Turrem—48
1531 1558 1590 1592 Sic
1602 1560 1720 1591 omnes

249 1602 351 1636 codd.
374 1607 411 1634 et
425 1604 506 1637 edd.
527 1609 607 1638 ante
632 1606 807 1647 Pigffium,
829 1607 889 1649 qui
917 1607 1127 1640 auctoritate
1154 1605 1254 1637 unius
1285 1605 1406 1645 Camp.
1435 1602 1618 1635 substituit
1637 1603 1720 1641 avi:

248 1645 411 1687 Pighium
432 1648 543 1679 secuti
561 1654 641 1680 sunt
655 1649 770 1682 Coler.
785 1650 888 1691 Thys.
903 1651 1034 1691 Deiph.
1050 1654 1088 1682 et
1103 1650 1251 1682 Torren.
1296 1646 1453 1689 Kappius
1470 1656 1552 1678 vero
1566 1650 1721 1678 nostram

248 1688 334 1721 lect.
351 1690 605 1724 restitum—44
627 1692 710 1725 Vet.
737 1692 833 1725 delet
858 1693 1156 1726 tribuendam-45
1182 1691 1319 1724 Novem
1348 1690 1449 1723 codd.
1474 1690 1618 1722 Tor-ren.
1642 1697 1720 1722 cum

913 1790 1059 1824 NOTAE

295 1867 310 1901 ss
327 1862 394 1895 An.
410 1864 461 1897 M.
479 1867 575 1897 3908.
598 1866 657 1900 01.
675 1869 749 1900 168.
766 1869 799 1900 3.
821 1866 957 1900 Urb.c.

250 1916 325 1946 60⁷.
347 1913 431 1946 Ant.
449 1915 510 1947 Ch.
527 1919 601 1949 145.

293 1970 309 1986 ⁰
322 1966 473 2003 Eiusdem
481 1968 544 1999 viri
553 1968 636 2010 [avi]
646 1968 842 2010 humanitas]
854 1968 959 2002 Hunc

250 2017 415 2049 inlocum
438 2028 498 2050 seu
520 2019 750 2061 librariorum,
772 2030 834 2052 seu
853 2021 958 2053 Vale-

251 2068 293 2100 rii
332 2068 440 2110 ipsius
478 2070 562 2102 vitio
606 2080 704 2103 error
748 2071 957 2114 irrepserat:

251 2119 418 2161 scriptum
434 2121 525 2152 enim
542 2126 637 2153 erat:
667 2121 804 2163 ejusdem
823 2123 887 2154 viri
901 2123 958 2155 hu-

251 2169 387 2202 manitas
397 2181 410 2209 ‚·
432 2181 508 2212 quae
534 2172 705 2213 scriptura
721 2173 802 2215 quin
819 2183 959 2216 corrup-

252 2227 291 2254 ta
321 2222 379 2263 sit,
407 2221 585 2255 dubitabit
605 2233 717 2265 nemo,
741 2225 798 2266 qui
824 2226 961 2258 noverit

251 2272 399 2305 necdum
426 2273 621 2315 Scipionem
647 2275 866 2308 AEmilianum
902 2286 960 2308 na-

252 2324 326 2354 tum
363 2331 452 2362 esse,
496 2332 573 2355 cum
617 2324 813 2358 Masinissae
850 2336 958 2368 nepos

253 2377 377 2414 captus
402 2377 473 2405 esta
508 2383 613 2415 quare
638 2376 782 2416 optime,
805 2381 845 2408 ut
861 2377 961 2419 solet,

254 2423 452 2455 emendavit
478 2424 642 2465 Pighius;
677 2427 812 2466 ejusdem
836 2427 889 2459 avi
903 2429 960 2459 hu-

253 2475 398 2507 manitas.
440 2473 498 2505 Sic
515 2484 552 2506 se
567 2484 621 2506 res
645 2475 777 2508 habuit.
821 2476 962 2510 Africa-

254 2533 318 2556 nus
340 2524 464 2566 major,
481 2524 575 2557 victo
600 2524 644 2556 ad
673 2525 846 2558 Baetulam
871 2527 962 2559 Has-

255 2574 413 2617 drubale,
437 2575 527 2607 iliius
563 2575 687 2608 castris
722 2579 852 2618 potitus
880 2582 960 2611 est:

256 2629 361 2666 capta
397 2626 506 2658 miliia
533 2626 654 2658 decem
685 2628 854 2670 peditum,
896 2629 963 2661 duo

256 2675 430 2718 equitum3
456 2676 603 2717 Hispani
618 2676 692 2709 sine
714 2678 828 2719 pretio
848 2678 965 2711 dimis-

257 2724 299 2766 si,
319 2724 399 2757 Afri
426 2726 574 2758 venditi:
608 2727 698 2759 inter
723 2737 783 2760 eos
803 2728 964 2761 inventus

261 2779 314 2808 est
328 2785 414 2818 puer
427 2777 563 2809 nomine
579 2777 747 2821 Massiva,
770 2778 964 2813 Masinissae

1010 1876 1144 1909 nepos;
1165 1865 1195 1897 is
1211 1864 1254 1897 ad
1270 1864 1475 1897 avunculum
1502 1872 1582 1896 cum
1603 1870 1722 1895 mune·

1011 1918 1105 1951 ribus
1119 1917 1283 1950 remissus
1296 1919 1362 1948 est.

1055 1973 1072 1996 P
1088 1968 1191 2008 Regis
1203 1965 1376 2010 fidissimi]
1399 1966 1530 1998 Mirum
1553 1973 1636 1998 sane
1650 1964 1721 1997 Va·

1011 2019 1135 2052 leriam
1159 2023 1229 2051 tam
1260 2017 1413 2060 turpiter
1434 2017 1571 2058 lapsum
1594 2023 1671 2047 esse
1685 2014 1722 2047 in

1013 2081 1050 2103 re
1066 2071 1155 2104 adeo
1178 2069 1294 2102 facili:
1326 2069 1402 2111 quis
1417 2068 1509 2101 enim
1529 2066 1585 2099 vel
1596 2066 1725 2099 leviter

1011 2122 1168 2155 eruditus
1184 2120 1318 2154 nesciat
1333 2118 1554 2151 Masinissam
1576 2116 1612 2149 id
1633 2121 1724 2150 tem-

1011 2173 1105 2215 poris
1129 2174 1364 2205 Romanorum
1387 2170 1520 2202 hostem
1545 2166 1653 2200 fuisse
1673 2166 1724 2199 in-

1013 2222 1272 2257 fensissimum?
1306 2222 1384 2256 Qua
1410 2219 1544 2252 ratione
1568 2218 1599 2250 is
1625 2226 1724 2250 error

1014 2273 1222 2307 dissimulari
1237 2272 1360 2315 possit,
1375 2281 1444 2303 non
1458 2269 1583 2302 video:
1606 2268 1662 2301 vel
1678 2267 1725 2300 de

1013 2325 1192 2366 Africano,
1215 2324 1270 2356 vel
1291 2322 1436 2364 majore,
1452 2320 1506 2352 vel
1527 2319 1659 2351 minore
1673 2318 1725 2351 lo-

1013 2377 1149 2419 quitur:
1179 2376 1208 2407 si
1225 2375 1267 2406 de
1284 2373 1423 2415 majore,
1438 2371 1546 2404 hostis
1558 2374 1630 2402 tum
1646 2372 1724 2402 erat

1014 2427 1222 2466 Masinissa3
1254 2425 1283 2457 si
1313 2425 1357 2456 de
1381 2423 1524 2462 minore,
1553 2430 1621 2452 non
1645 2429 1724 2452 con-

1015 2482 1143 2519 gruunt
1165 2482 1322 2518 tempora
1336 2485 1346 2506 :
1368 2483 1433 2505 nee
1449 2473 1540 2505 enim
1556 2476 1629 2504 tum
1643 2470 1723 2503 Tri·

1017 2529 1128 2560 bunus
1142 2532 1219 2559 erat
1234 2525 1369 2567 Scipi03
1394 2524 1491 2566 cujus
1506 2531 1573 2555 non
1588 2521 1724 2562 fuisset,

1018 2579 1079 2610 sed
1095 2576 1337 2620 Imperatoria,
1352 2574 1527 2616 captivum
1547 2572 1724 2604 dimittere

1017 2629 1218 2669 Principem
1230 2638 1240 2659 ι
1257 2636 1323 2659 nec
1335 2626 1544 2667 Imperator,
1547 2621 1723 2665 jamenim

1017 2685 1172 2713 mortuns
1201 2684 1279 2712 erat
1304 2678 1500 2718 Masinissa,
1533 2677 1634 2719 cujus
1663 2686 1723 2709 ex·

1018 2735 1165 2763 tremum
1181 2729 1339 2772 spiritum
1353 2728 1427 2771 ipse
1446 2726 1621 2760 Tribunus
1634 2725 1722 2761 mili-

1018 2785 1090 2814 tum
1105 2784 1301 2824 exceperat.
