1878 3132
511 184 716 218 mmm.
750 183 817 217 nn
849 183 939 217 uui
972 183 1035 217 m·
1067 183 1203 217 omo.
1514 168 1604 216 847

114 285 389 342 subegisset,
427 288 675 341 postquam
716 281 931 338 cognovit
964 280 1024 334 Q.
1058 280 1329 338 Pompeium
1370 279 1604 325 consulem

112 356 349 400 inimicum
379 367 513 398 suum
545 364 855 397 successorem
890 350 982 395 sibi
1010 350 1149 403 mitti,
1177 364 1335 394 omnes
1370 350 1451 407 qui
1469 349 1605 394 modo

112 426 324 470 militiam
357 438 490 470 suam
509 423 754 468 voluerunt
777 420 949 476 ἰωὴ-1)*
980 420 1181 465 dimisit:
1212 424 1489 465 commeatus
1523 433 1607 477 pe-

114 494 330 548 tentibus,
350 508 501 552 neque
520 494 673 538 causis
691 493 917 546 excussis,
942 505 1096 549 neque
1114 491 1364 535 constituto
1392 494 1608 547 tempore,

113 565 262 610 dedit:
290 566 453 610 horrea
483 564 756 610 custodibus
790 563 981 608 remotis
1009 567 1268 620 opportuna
1296 561 1470 618 rapinae
1492 573 1609 617 prae-

113 635 238 680 buit:
269 649 419 688 arcus,
454 636 742 692 sagittasque
775 633 1063 677 Cretensium
1097 631 1258 688 frangi,
1289 634 1426 688 atque
1446 631 1493 674 in
1514 643 1610 673 am-

114 719 215 749 nem
237 705 377 763 abjici
394 706 565 763 jussit:
597 705 851 762 elephantis
884 703 1059 748 cibaria
1079 702 1178 746 dari
1207 702 1366 746 vetuit.
1427 700 1610 754 Quibus

114 776 252 820 sactis
281 780 331 820 ut
356 776 600 832 cupiditati
636 788 735 819 suae
762 774 967 827 indulsit,
1006 773 1073 817 ita
1105 771 1345 828 magnifice
1384 775 1613 827 gestarum

114 859 259 890 rerum
294 846 482 903 gloriam
517 845 745 903 corrupit:
786 844 1088 901 meritumque
1122 843 1343 886 honorem
1383 840 1613 899 triumphi,

115 915 330 969 hostium,
353 930 491 974 quam
510 916 608 969 irae,
632 916 790 960 fortior
808 916 1006 968 victor‚¹⁹
1035 914 1202 958 amisit.

174 986 218 1030 8.
250 985 375 1040 Quid
394 986 541 1042 Sylla,
573 985 680 1030 dum
711 986 817 1030 huic
837 985 952 1031 vitio
971 986 1267 1042 obtemperat,
1295 996 1442 1028 nonne
1470 982 1614 1026 multo

117 1055 265 1099 alieno
299 1057 515 1112 sanguine
549 1055 760 1112 profuso,
794 1055 856 1100 ad
892 1056 1103 1099 ultimum
1134 1061 1182 1099 et
1212 1068 1346 1099 suum
1377 1053 1614 1111 erogavitz

118 1124 328 1168 Puteolis
347 1125 466 1168 enim
486 1124 650 1168 ardens
679 1124 1002 1182 indignatione,
1041 1125 1164 1182 quod
1183 1124 1382 1169 Granius
1402 1124 1615 1182 princeps

118 1194 220 1251 ejus
241 1195 433 1239 coloniae
454 1194 696 1253 pecuniam
727 1209 757 1239 a
775 1195 1095 1240 decurionibus
1118 1196 1179 1240 ad
1211 1196 1506 1239 resectionem
1527 1193 1616 1239 Ca-

117 1265 266 1322 pitolii
311 1265 583 1322 promissam
623 1265 911 1309 cunctantius
946 1265 1090 1319 daret,
1132 1265 1276 1308 animi
1314 1265 1615 1309 concitatione

118 1335 272 1388 nimia,
294 1339 429 1392 atque
448 1335 748 1384 immoderato
764 1340 803 1360 ²0
832 1335 961 1378 vocis
981 1335 1155 1392 impetu
1175 1336 1395 1380 convulso
1412 1340 1617 1392 pectore,

119 1402 327 1462 spiritum
350 1404 531 1450 cruorej
564 1419 619 1450 ac
640 1405 774 1449 minis
787 1405 974 1450 mistum
992 1407 1208 1451 evomuit.
1252 1407 1357 1452 Nec
1377 1407 1506 1450 senio
1519 1406 1618 1464 jam

118 1475 383 1532 prolapsus,
423 1479 580 1532 utpote
618 1476 954 1532 sexagesimum
1002 1477 1257 1534 ingrediens
1298 1491 1484 1532 annum,
1534 1477 1618 1522 sed

121 1543 235 1589 alita
267 1545 465 1589 miseriis
497 1546 759 1604 reipublicae
774 1550 808 1571 ²¹
854 1547 1129 1604 impotentia
1163 1548 1330 1592 furens.
1392 1548 1537 1604 Igitur
1568 1548 1617 1592 in

120 1612 263 1659 dubio
285 1619 372 1669 est,
394 1616 577 1674 Syllane
597 1617 738 1674 prior,
763 1631 824 1661 an
843 1618 1084 1662 iracundia
1102 1618 1243 1676 Syllae
1265 1619 1325 1663 sit
1344 1619 1560 1663 extincta.

741 1729 1007 1764 EX'I'ERNA.

181 1807 346 1864 Neque
367 1809 426 1853 ab
456 1809 625 1866 ignotis
656 1812 870 1869 exempla
901 1817 1052 1869 petere
1084 1811 1236 1870 juvat,
1268 1817 1314 1858 et
1346 1813 1564 1857 maximis
1577 1817 1615 1837 ²²

121 1878 231 1922 viris
266 1882 543 1936 exprobrare
576 1882 692 1926 vitia
714 1895 801 1926 sua
819 1883 1107 1928 verecundiae
1137 1888 1219 1928 est.
1280 1884 1494 1928 Ceterum
1515 1897 1619 1927 cum

121 1950 344 2005 propositi
364 1949 476 1993 fides
507 1951 887 1996 excellentissima
906 1967 1104 2010 quaeque
1140 1954 1387 2012 complecti
1421 1959 1619 2007 moneat,

740 2063 761 2076 O

122 2128 221 2163 Leid.
237 2131 272 2163 6.
292 2129 479 2172 subjecisset
496 2131 597 2174 vulgo
613 2135 696 2165 ante
709 2130 905 2175 Pigh.-1s
927 2132 987 2166 Sic
998 2132 1072 2166 fere
1086 2132 1174 2167 Mss.
1198 2134 1325 2178 Copes.
1342 2137 1459 2168 tamen
1465 2133 1622 2179 finirent

121 2173 308 2216 legebatur
319 2180 400 2208 ante
417 2176 593 2218 Pighium‚
608 2176 716 2209 etiam
732 2177 859 2210 omisso
873 2187 985 2216 suam,·
1006 2178 1068 2211 sed
1086 2187 1165 2211 cum
1178 2179 1267 2212 Mss.
1282 2179 1509 2213 consentiunt
1522 2178 1623 2223 Mog.

123 2217 270 2252 Medici.
291 2218 527 2254 Ascuam—19
549 2220 712 2262 ‘Guyeto
737 2221 960 2254 scribendum
990 2221 1189 2266 videbatur,
1213 2227 1347 2257 auctor:
1371 2223 1516 2267 inepte!
1543 2222 1622 2257 Tor·

122 2265 281 2295 rem—2⁹
302 2263 360 2297 Ita
389 2264 494 2298 codd.
523 2274 602 2298 cum
628 2266 712 2298 Vct.
740 2266 837 2307 Mog.
862 2270 900 2299 et
923 2266 1068 2301 Medici.
1093 2270 1126 2301 ³.
1157 2273 1195 2301 et
1221 2268 1271 2301 sic
1293 2266 1494 2301 emendavit
1516 2266 1620 2311 Pigh-

123 2307 257 2349 Vulgo,
283 2307 510 2342 immoderate.
558 2309 670 2342 Paulo
698 2315 778 2351 post
798 2310 926 2353 Ultraj.
940 2313 971 2343 2.
996 2316 1035 2344 et
1050 2312 1147 2355 Mog.
1161 2314 1367 2346 comnuxeum
1380 2312 1618 2346 evomuit—sl

123 2349 182 2383 Ita
198 2361 243 2383 ex
259 2352 363 2385 codd.
388 2353 549 2394 Pighius,
564 2358 600 2386 et
625 2354 851 2387 consentiunt
864 2355 1172 2389 Torreniaui.-—22
1195 2357 1254 2390 lta
1269 2358 1304 2390 in
1321 2357 1480 2391 omnibus
1492 2356 1620 2399 Pigbio

122 2395 298 2438 prioribus
312 2396 394 2430 edd.
413 2397 612 2440 legebatur,
632 2407 747 2442 neque
764 2399 867 2432 aliter
883 2399 1014 2434 habent
1033 2400 1137 2436 codd.
1153 2401 1264 2435 tribus
1277 2402 1449 2445 exeeptis,
1461 2411 1547 2445 quos
1569 2411 1621 2436 se-

796 2488 942 2523 NOTAE

123 2561 288 2596 victorias
302 2569 449 2607 negatus
465 2565 512 2599 sit
533 2565 641 2600 honos
665 2566 844 2611 triumphi.
899 2570 992 2604 mica
1027 2570 1215 2614 expiravit.
1273 2570 1501 2613 Epigramma
1536 2581 1558 2604 a
1581 2581 1620 2606 te

170 2614 359 2658 ’Spiritum
384 2618 511 2661 cruore]
558 2619 645 2653 Cum
678 2620 843 2663 Capitolii
900 2622 1132 2664 compositum
1156 2632 1221 2656 suo
1242 2622 1405 2665 sepulcro
1433 2622 1544 2656 voluit
1569 2624 1621 2657 in·

121 2666 309 2703 dedicandi
326 2670 522 2705 vehementi
548 2671 720 2706 desiderio
746 2677 843 2707 tene-
900 2674 1025 2716 scribi3
1046 2674 1138 2708 illius
1154 2675 1232 2707 haec
1246 2674 1424 2708 sententia
1439 2674 1506 2708 fuit
1520 2687 1531 2710 ε
1550 2676 1619 2710 ‘Se

123 2724 231 2762 retur,
258 2721 428 2755 Granium
454 2723 489 2756 in
513 2724 712 2758 cubiculum
737 2726 844 2759 advo·
899 2736 966 2760 uec
982 2726 1026 2760 ab
1051 2727 1242 2761 amicorum
1266 2726 1460 2770 beneficiis,
1484 2738 1550 2763 uec
1572 2729 1619 2763 ab

124 2775 195 2814 cat,
221 2783 371 2817 euntque
397 2784 419 2806 a
444 2775 609 2808 ministris
635 2778 845 2820 strangulari
901 2777 1124 2813 inimicorum
1141 2778 1279 2823 injuriis
1295 2780 1526 2823 superatum!

116 2823 223 2865 jubet
236 2836 247 2866 ς
271 2826 332 2860 scd
346 2826 499 2862 clamore
512 2827 619 2861 nimio
631 2828 772 2872 dirupta
789 2840 846 2863 vo·
