1878 3132
622 201 736 234 cAr.
758 200 805 231 v.
838 199 904 233 nn
931 198 1185 232 JUS'rl'riA.
1553 184 1642 228 631

157 302 328 359 'gestam
348 311 600 350 censuram,
612 298 832 354 majorem
848 295 1049 339 civitatis
1071 298 1248 350 partem
1264 297 1636 351 exasperassent,

158 372 274 415 diem
296 371 366 414 his
387 370 442 413 P.
465 368 668 413 Rutilius
683 373 717 401 ¹⁷
747 366 952 410 tribunus
973 364 1125 420 plebis
1139 363 1464 420 perduellionis
1483 362 1541 405 ad
1562 374 1643 418 po·

157 440 318 497 pulum
339 440 468 491 dixit,
499 441 665 494 praeter
697 447 985 479 communem
1019 432 1446 484 consternationem,
1466 431 1645 487 privata

158 510 295 552 etiam
322 509 392 551 ira
412 519 660 559 accensus3
691 505 799 560 quia
830 502 1159 546 ‘necessarium
1189 499 1333 557 ejus¹⁸
1364 513 1426 543 ex
1459 500 1643 556 publico

157 578 262 621 loco
282 577 502 634 parietem
533 572 762 617 demoliri'
785 573 1028 630 jusserant.
1089 571 1195 624 Quo
1213 572 1261 614 in
1286 569 1462 627 judicio
1481 570 1641 626 primae

158 646 324 691 classis
344 644 575 700 permultae
616 645 830 687 centuriae
864 642 1107 686 Claudium
1143 644 1302 697 aperte
1333 639 1639 683 damnabant:

158 716 218 759 de
253 714 451 758 Gracchi
490 713 772 756 absolutione
810 712 1031 755 universae
1066 710 1315 754 consentire
1358 709 1641 751 videbantur.

158 784 253 837 Qui
271 784 396 827 clara
416 796 527 826 voce
543 782 732 837 juravit,
763 784 777 804 ‘
794 782 834 824 si
854 781 910 823 de
932 781 1109 835 collega
1131 793 1213 822 suo
1229 779 1410 834 gravius
1430 782 1554 820 esset
1566 777 1643 834 ju-

158 853 372 904 dicatum,
391 852 439 894 in
458 851 594 894 factis
623 851 810 907 paribus
832 863 880 893 se
902 849 1088 892 eandem
1109 861 1210 891 cum
1243 849 1323 891 illo
1348 860 1532 903 poenam
1560 859 1644 889 ex-

157 922 228 967 ilii
240 927 274 956 ¹⁹
303 919 583 964 subiturum?
644 919 803 974 anue
836 918 1021 974 justitia
1060 921 1156 960 tota
1190 917 1268 960 illa
1300 921 1552 972 tempestas
1584 916 1642 958 ab

157 991 394 1047 utriusque
426 990 615 1033 fortunis
636 993 682 1032 et
701 989 853 1044 capite
875 989 1068 1043 depulsa
1096 992 1182 1030 est.
1245 986 1486 1030 Claudium
1521 985 1643 1028 enim

157 1060 361 1117 populus
393 1059 610 1102 absolvit:
643 1057 854 1102 Graccho
874 1070 1026 1100 causae
1049 1056 1296 1099 dictionem
1316 1056 1521 1099 tribunus
1547 1055 1643 1099 Ru-

158 1129 288 1175 tilius
302 1134 339 1154 ²0
370 1126 606 1171 remisit.³†

216 1200 260 1242 4.
292 1197 507 1253 Magnam
527 1196 706 1239 laudem
729 1201 775 1239 et
804 1195 919 1238 illud
941 1195 1187 1250 collegium
1215 1195 1495 1237 tribunorum
1522 1193 1641 1247 tulit,

158 1267 300 1325 quod,
322 1281 424 1310 cum
444 1279 561 1309 unus
583 1279 644 1309 ex
665 1279 718 1308 eo
750 1266 803 1309 L.
827 1266 959 1309 Cotta
981 1265 1144 1308 fiducia
1165 1268 1471 1307 sacrosanctae
1492 1267 1643 1319 potes-

159 1337 269 1380 tatis
291 1336 592 1378 creditoribus
614 1335 710 1378 suis
731 1336 868 1379 nollet
904 1335 1181 1388 satisfacere,
1216 1335 1430 1386 decrevit,
1462 1336 1475 1356 ‘
1493 1334 1534 1376 si
1565 1347 1642 1376 ne-

158 1418 247 1462 que
279 1405 477 1448 solveret
490 1409 523 1430 ²¹
556 1406 818 1460 pecuniam,
851 1419 1001 1462 neque
1036 1406 1164 1448 daret
1194 1419 1296 1449 cum
1331 1418 1421 1461 quo
1454 1404 1640 1459 sponsio

157 1474 298 1526 fieret,
331 1487 380 1516 se
416 1474 754 1529 appellantibus
788 1488 889 1517 eum
924 1475 1229 1518 creditoribus
1244 1478 1280 1498 ²²
1311 1473 1488 1517 auxilio
1518 1473 1640 1516 sutu-

157 1557 256 1587 rum
272 1542 298 1587 τ’
346 1543 548 1599 iniquum
589 1548 788 1596 ratum,²³
839 1546 1118 1602 majestatem
1167 1544 1396 1600 publicam
1448 1544 1640 1600 privatae

770 1653 1014 1666 mmNO

146 1730 359 1770 favorabilem
374 1731 438 1764 imo
451 1731 680 1765 destina—1⁷
703 1731 848 1764 Venett.
862 1731 914 1764 M.
932 1731 1099 1774 Popilium
1122 1730 1267 1764 Mediol.
1282 1732 1315 1763 3.
1340 1739 1417 1763 cum
1433 1728 1640 1772 quibusdam

156 1774 260 1808 codd.
273 1775 415 1807 Torren.
435 1775 472 1806 Ρ.
489 1774 684 1817 Ροηιρὶῑίιιεῑ
708 1775 766 1807 alii
783 1775 939 1816 ejusdem
962 1785 1040 1808 cum
1059 1774 1164 1808 Aldd.
1190 1774 1334 1807 Ascens.
1362 1773 1475 1806 Colin.
1503 1773 1640 1815 Gryph.

156 1823 194 1852 et
219 1819 344 1861 Steph.
368 1819 418 1851 M.
435 1819 613 1860 Pompilius
622 1830 634 1857 ,·
658 1819 763 1852 codd.
789 1818 864 1851 fere
893 1820 932 1852 P.
954 1818 1120 1861 Popilius:
1143 1823 1180 1851 et
1207 1819 1257 1852 sic
1282 1818 1316 1850 in
1332 1818 1504 1851 νει-18
1528 1815 1641 1850 Codd.

155 1862 416 1905 quatuordecim
433 1872 510 1895 cum
532 1862 687 1895 omnibus
714 1861 795 1896 edd.
819 1867 900 1894 ante
917 1863 1078 1904 Pighium
1104 1862 1238 1895 addunt
1255 1861 1425 1894 Rutilium.
1469 1862 1479 1879 ‘
1496 1860 1642 1893 Interea

155 1906 276 1939 mirum
294 1910 347 1938 est
362 1906 416 1938 hie
433 1915 550 1938 verum
565 1916 688 1939 nomen
706 1907 833 1939 tribuni
850 1907 884 1938 in
900 1906 1003 1940 codd.
1019 1907 1176 1947 retineri,
1191 1905 1283 1950 quod
1295 1915 1400 1947 supra
1413 1905 1516 1937 variis
1526 1904 1638 1937 modis

155 1954 360 1992 corruptum
377 1949 550 1982 vidimus!
575 1950 704 1983 Tmen.
749 1951 835 1982 Mox
850 1951 915 1982 loco
932 1950 1033 1983 deest
1050 1951 1084 1982 in
1097 1951 1267 1983 ven—19
1290 1950 1300 1967 ‘
1313 1949 1462 1981 Videtur
1486 1947 1525 1980 τὸ
1549 1948 1642 1981 exilii

156 2003 234 2026 esse
247 2003 291 2025 ex
308 1993 447 2035 Glossa,
468 2003 533 2026 nec
546 1994 748 2036 agnoscitur
764 2004 784 2026 a
801 1994 869 2026 Ms.
917 1994 1148 2027 Nihilominus
1164 1994 1221 2026 bic
1249 1993 1416 2033 abundat,
1438 2002 1515 2025 cum
1541 1992 1640 2025 addit

154 2038 297 2076 eandem,
321 2042 358 2070 et
376 2047 438 2078 per
454 2047 490 2069 se
508 2037 739 2079 intelligitur!
763 2038 914 2070 Perizon.
961 2038 1069 2070 Delet
1094 2037 1134 2070 τὸ
1158 2037 1251 2070 exilii
1278 2037 1383 2069 etiam
1410 2037 1516 2069 Barb.
1536 2036 1639 2078 prim.

156 2081 266 2112 ceteri
283 2085 425 2113 servant
439 2090 515 2113 curn
533 2081 691 2113 omnibus
706 2081 785 2114 edd.
828 2082 838 2099 ‘
854 2082 949 2114 Cave
966 2081 1089 2113 credas
1107 2082 1138 2113 li.
1153 2082 1176 2113 l.
1195 2080 1335 2113 defendi
1355 2090 1455 2122 posse
1471 2079 1640 2123 loquendi

155 2122 302 2156 formam
318 2134 339 2156 a
354 2124 481 2156 Vossio
496 2128 533 2156 et
549 2125 623 2156 aliis
640 2125 852 2165 damnatam,
873 2125 958 2157 idem
979 2136 1050 2157 cum
1071 2123 1152 2157 illo?
1179 2125 1324 2157 Torren.
1346 2134 1415 2157 cum
1430 2124 1484 2156 tuo
1509 2123 1640 2156 omittit

155 2167 287 2200 Medic.
306 2170 427 2200 1.--20
448 2167 615 2200 Similiter
632 2178 672 2201 ac
690 2169 725 2200 in
742 2168 844 2200 initio
861 2169 1013 2210 exempli
1039 2169 1175 2201 variant
1199 2169 1254 2201 hic
1279 2178 1416 2211 quoque
1434 2169 1519 2200 Mss.
1566 2166 1638 2200 Sed

154 2210 244 2253 pleri
273 2220 314 2242 ue
327 2211 507 2251 omittunt,
529 2211 602 2245 trib.
624 2216 661 2244 et
676 2212 752 2254 ejus
770 2213 845 2244 loco
860 2212 990 2244 hahent
1007 2222 1220 2254 praenomen,
1235 2212 1275 2246 P.
1294 2213 1347 2244 vel
1369 2212 1501 2244 M.-21
1521 2211 1637 2253 Vulgo

154 2259 238 2287 ante
287 2254 417 2295 ighium
435 2254 628 2297 legebatur,
651 2257 787 2287 decrevit
803 2259 851 2293 ut,
874 2256 901 2287 εἰ
917 2266 1014 2298 neque
1026 2257 1239 2298 solveret,&c.
1284 2256 1353 2288 Sed
1380 2259 1430 2294 ut,
1454 2254 1546 2298 quod
1561 2265 1638 2287 sen-

155 2307 230 2330 snm
247 2299 379 2338 turbat,
403 2298 502 2331 abest
516 2298 559 2331 ab
576 2299 632 2331 ed.
647 2299 743 2341 Mog.
761 2305 797 2331 et
811 2300 897 2331 Mss.
913 2305 1041 2341 praeter
1060 2299 1250 2332 Ham-22
1272 2299 1282 2317 ‘
1297 2299 1338 2332 Id
1363 2304 1430 2339 est,
1454 2298 1637 2332 creditori-

154 2340 232 2382 bus,
256 2341 314 2384 qui
331 2342 470 2374 Cottam
491 2341 535 2373 de
562 2343 728 2374 solvenda
755 2343 903 2384 pecnnia
930 2343 1170 2376 admonerent.
1217 2343 1275 2375 Ita
1296 2343 1385 2375 enim
1410 2343 1542 2375 habent
1567 2346 1637 2374 tre-

154 2383 268 2417 decim
286 2385 372 2418 Mss.
389 2385 563 2424 Torrenii,
591 2386 688 2428 Mog.
713 2391 750 2418 et
765 2387 847 2419 Vet.
874 2387 965 2429 quod
992 2387 1118 2419 merito
1145 2387 1334 2419 Torrenius
1362 2387 1529 2426 restituit,
1553 2395 1634 2418 cum

154 2429 258 2471 vulgo
275 2429 450 2470 legeretur
464 2430 692 2471 appeuantibus
707 2440 751 2471 se,
775 2431 797 2462 i.
813 2440 844 2462 e.
869 2430 1035 2463 auxilium
1065 2431 1282 2463 tribunorum
1310 2430 1636 2473 implorantibus.—

153 2473 197 2504 23
219 2476 311 2505 ram
334 2473 466 2516 aliquot
481 2473 568 2506 Mss.
592 2483 670 2506 cum
687 2474 768 2506 Ver.
813 2474 945 2507 Eadem
961 2484 1038 2507 cum
1055 2475 1181 2518 Copes.
1198 2474 1304 2507 Barb.
1320 2479 1356 2507 et
1372 2474 1445 2507 Bit.
1463 2474 1564 2516 prim.
1591 2482 1633 2506 ac

816 2584 964 2618 NOTAE

193 2654 206 2683 Ι
238 2657 380 2690 Rutilius
406 2657 544 2701 remisit]
578 2657 637 2691 Ab
668 2658 710 2691 iis
741 2663 865 2701 postea
919 2669 963 2692 ex
979 2659 1134 2692 Tribuno
1149 2657 1268 2700 opifex
1294 2657 1405 2692 factus
1431 2662 1498 2699 est,
1526 2662 1562 2691 et
1587 2658 1632 2691 ad

153 2708 262 2740 multo
276 2709 429 2742 severius
446 2715 524 2743 acta
539 2710 706 2751 Censura,
732 2712 864 2744 multis·
917 2722 1025 2754 opera
1042 2711 1181 2753 publica
1196 2710 1351 2743 adhiberi
1367 2710 1488 2753 coepit.

153 2767 220 2799 que
235 2759 314 2800 eqni
330 2759 472 2802 adeunti,
488 2766 525 2793 et
540 2761 695 2803 inprimis
710 2762 774 2804 ipsi
791 2763 861 2795 Ru·
962 2768 975 2797 t
996 2762 1060 2795 An.
1076 2763 1126 2794 M.
1142 2764 1240 2794 ³885.
1265 2761 1321 2794 0¹.
1338 2765 1413 2796 152.
1426 2765 1459 2795 4.
1484 2762 1570 2796 Urb.
1588 2763 1629 2796 C.

154 2809 230 2841 tilio
243 2809 408 2850 Tribuno,
436 2810 494 2853 qui
521 2811 614 2844 tribu
630 2813 733 2845 etiam
749 2817 861 2845 motus
917 2816 994 2846 584.
1018 2812 1101 2845 Ant.
1119 2812 1182 2845 Ch.
1198 2815 1272 2846 108.
