1878 3132
219 158 309 202 714
612 170 825 203 mni-:1211
859 170 1054 204 MAxlmr
1089 173 1184 204 mn.
1215 170 1302 205 v11.

223 267 354 309 ciosa
374 266 580 321 sequenti
609 267 935 311 vconcidendum
962 273 1066 312 est!
1125 268 1380 312 Cannensis
1413 268 1563 313 autern
1595 270 1688 315 cla·

221 335 301 377 des
341 334 457 377 adeo
489 336 640 378 urbem
678 341 879 380 nostram
919 337 1196 381 vehementer
1233 336 1488 390 confudit,¹0
1531 343 1586 382 ut
1621 340 1687 383 M.

220 403 251 446 J
255 403 349 446 unii
361 409 376 426 ⁰
396 409 585 459 opera,¹¹
618 404 841 448 dictatura
858 405 1181 460 rempublicam
1199 405 1568 458 administrantis,
1588 420 1692 463 spo—

221 472 285 514 lia
301 471 497 515 hostium
517 473 655 516 affixa
672 474 868 529 templis,
905 475 1103 516 Deorum
1138 473 1310 515 numini
1329 479 1607 527 consecrata,
1626 475 1694 517 in-

222 544 464 584 strumento
503 542 677 585 militiae
714 542 914 584 futura¹²
946 542 1308 593 convellerentur,
1345 555 1399 585 ac
1438 543 1697 598 praetextati

222 609 353 665 pueri
391 623 517 652 arma
555 610 813 652 induerent:
846 610 1123 653 addictorum
1139 615 1170 642 ¹³
1189 607 1204 634 f
1238 611 1390 662 etiam,
1427 614 1473 653 et
1505 611 1696 667 capitali

223 677 407 720 crimine
428 678 739 721 damnatorum
767 690 850 720 sex
881 678 1024 720 millia
1055 679 1457 721 conscriberentur.
1517 677 1634 730 Quae
1656 679 1697 722 si

222 759 305 800 per
325 759 374 788 se
397 746 691 801 aspiciantur,
713 745 884 801 aliquid
916 746 1091 789 ruboris
1126 746 1340 790 habeant:
1373 747 1414 789 si
1445 750 1596 790 autem
1616 746 1696 800 ad-

223 815 357 857 motis
390 815 676 858 necessitatis
711 815 882 858 viribus
916 815 1225 871 ponderentur,
1257 815 1448 858 saevitiae
1478 815 1697 871 temporis

225 882 537 925 convenientia
557 882 772 938 praesidia
792 883 1076 926 videantur.¹4
1106 883 1296 938 Propter
1316 883 1502 926 eandem
1521 881 1698 926 cladem

271 1009 288 1025 α
305 1004 369 1037 Ubi
383 1005 446 1038 nisi
464 1006 607 1048 sequaris
621 1006 740 1040 tutiora
755 1006 908 1045 consiliu
928 1016 1048 1039 necesse
1063 1010 1109 1039 est
1122 1009 1158 1039 ut
1169 1016 1292 1050 pereas,
1306 1007 1336 1040 si
1347 1007 1448 1049 eligas
1461 1006 1603 1040 honesta.

837 1102 1082 1116 ‘mmm

230 1168 351 1210 quenti.
395 1168 499 1200 Mens
515 1168 646 1201 Valerii
660 1173 726 1209 est,
740 1179 831 1210 eum,
846 1170 903 1213 qui
921 1174 1060 1203 secutus
1077 1169 1184 1203 fuerit
1206 1171 1362 1213 speciosa
1384 1170 1492 1212 magis
1515 1178 1617 1212 quam
1633 1169 1701 1202 uti-

232 1212 291 1249 lia,
308 1212 528 1244 interiturum
545 1222 632 1245 esse.
678 1213 732 1246 Cf.
747 1214 840 1245 Veu.
860 1222 902 1245 11.
930 1216 1004 1246 113.
1026 1216 1061 1246 2.
1076 1218 1112 1245 et
1129 1214 1227 1246 Curt.
1246 1222 1280 1246 v.
1297 1217 1328 1246 l.
1344 1213 1390 1246 8.’
1413 1214 1522 1255 Kapp.
1566 1212 1703 1245 Deinde

229 1255 453 1287 concidendum
467 1259 513 1288 est
528 1260 624 1288 recte
648 1260 685 1288 et
711 1257 960 1289 convenienter
983 1267 1059 1289 cum
1075 1257 1162 1289 Mss.
1179 1257 1332 1289 restituit
1348 1257 1506 1297 Pighius,
1521 1265 1584 1298 pro
1598 1266 1703 1289 conce-

229 1300 363 1331 dendum
379 1303 437 1337 est,
453 1304 491 1331 ut
507 1303 562 1331 est
577 1299 611 1331 in
627 1299 774 1332 Mediol.
795 1299 929 1342 Gryph.
954 1304 990 1332 et
1011 1301 1130 1341 Steph.
1175 1300 1243 1332 Sed
1270 1302 1370 1332 aliter
1390 1300 1535 1332 Venett.
1558 1299 1703 1332 Ascens.

233 1341 315 1375 Ald.
335 1346 372 1374 et
402 1342 601 1374 colim—10
622 1342 700 1375 ‘Ita
722 1343 929 1384 legendum3
951 1353 1034 1382 non,
1056 1348 1096 1375 ut
1118 1342 1226 1375 Aldus
1250 1343 1372 1380 edidit,
1386 1342 1541 1376 contudit.
1584 1342 1704 1375 Habet

232 1386 287 1418 ita
303 1390 449 1428 uterque
474 1385 551 1418 cod.
567 1386 697 1419 Brand.
713 1391 749 1419 et
763 1387 826 1426 ilii,
841 1396 926 1429 quos
943 1387 1086 1428 Pighius
1105 1386 1270 1428 inspexit.
1315 1387 1325 1404 ‘
1339 1384 1580 1419 Confundere’
1609 1385 1703 1417 idem

232 1428 326 1504 qnod
355 1429 574 1470 perturbare,
605 1431 819 1471 percellere3
842 1435 881 1462 ut
899 1429 1016 1472 saepess
1053 1430 1157 1463 Vorst.
1183 1429 1326 1462 contudit
1347 1429 1450 1462 habet
1475 1429 1562 1472 Cop.
1578 1428 1704 1471 reliqui

263 1472 438 1504 orreniani
466 1472 629 1512 confudit.-
653 1474 793 1506 consule
821 1473 941 1506 Gifan.
967 1473 1045 1506 Ind.
1071 1474 1227 1505 Lucretii
1243 1484 1277 1515 p.
1293 1476 1370 1505 451.
1398 1473 1596 1505 vehementer
1608 1471 1705 1504 delet

236 1515 335 1547 Med.
360 1517 545 1557 prim.—ll
570 1516 628 1548 Ita
643 1516 786 1558 Pighius
802 1526 846 1548 ex
867 1517 957 1549 Mss.
972 1526 1036 1559 pro
1052 1526 1093 1548 eo
1109 1516 1201 1559 quod
1218 1522 1299 1549 ante
1314 1515 1444 1548 editum
1461 1514 1530 1548 fuit
1543 1524 1637 1556 opem
1652 1514 1707 1548 M.

235 1559 342 1592 Junii.
388 1559 437 1591 At
454 1559 651 1592 Gronovius
674 1560 755 1592 inde
781 1560 921 1601 conjicit
938 1560 1121 1602 legendum
1148 1569 1237 1601 esse,
1259 1560 1309 1592 M.
1326 1559 1426 1591 Junio
1447 1559 1533 1591 Pera
1547 1559 1709 1591 dictatura

237 1612 336 1644 remp.
364 1602 620 1636 administrante.
663 1604 754 1636 Vide
777 1604 890 1636 Notas
916 1603 991 1645 ejus
1006 1603 1049 1635 ad
1074 1603 1149 1636 Liv.
1166 1612 1278 1635 xxn1.
1293 1605 1346 1635 14.
1371 1602 1512 1645 ‘Magni
1539 1601 1708 1634 Gronovii

238 1647 477 1688 conjecturam
494 1646 594 1678 valde
608 1646 712 1688 juvat
738 1647 870 1688 Ultraj.
894 1647 1037 1688 habens,
1050 1647 1102 1680 M.
1121 1647 1218 1679 Junii
1232 1656 1325 1688 opera
1339 1647 1501 1678 dictatura
1515 1645 1629 1688 Remp.
1651 1645 1707 1677 nd-

238 1689 464 1722 mim'strante:
486 1690 594 1722 ceteri
619 1691 670 1723 M.
694 1690 790 1722 Junii
812 1700 905 1732 opera
925 1690 1118 1722 dictaturam
1137 1690 1316 1732 reipublicae
1329 1689 1596 1721 administrantis.
1637 1687 1710 1720 Sed

238 1733 322 1765 nihil
338 1737 392 1765 est
407 1733 463 1765 hic
479 1733 562 1765 illud
579 1743 682 1775 opera.
706 1734 831 1776 Neque
847 1738 1113 1766 consentaneum
1130 1738 1185 1766 est
1196 1733 1372 1775 maJestati
1386 1732 1590 1773 Dictatoris,
1605 1735 1645 1764 nt
1659 1730 1709 1772 id,

237 1776 330 1819 quod
359 1776 416 1808 hic
443 1775 607 1818 refertur,
636 1787 730 1818 opera
755 1778 829 1818 ejus
858 1776 989 1809 factum
1018 1776 1165 1809 dicatur.
1209 1777 1327 1810 Quare
1356 1785 1433 1808 curn
1453 1775 1542 1807 Pera
1570 1775 1618 1807 sit
1639 1773 1709 1806 usi-

238 1824 349 1852 tatum
374 1819 471 1861 genti
497 1819 613 1852 Jnniae
645 1829 849 1862 cognomen,
882 1821 997 1852 nulius
1030 1820 1166 1861 dubito,
1180 1820 1263 1863 quin
1291 1818 1511 1860 sagacissime
1539 1822 1576 1850 et
1602 1818 1708 1850 veris-

240 1863 325 1895 sime
353 1863 444 1895 hunc
475 1863 587 1895 locum
618 1863 814 1896 Gronovius
851 1862 1066 1895 emendarit?
1102 1864 1232 1896 Tor-ren.
1266 1864 1426 1894 dictatura
1460 1861 1563 1894 codd.
1604 1860 1709 1903 Pigh.

238 1906 371 1939 Brand.
401 1908 433 1939 1.
456 1911 493 1939 et
521 1906 602 1939 edd.
628 1906 721 1939 Aldo
745 1906 981 1949 antiquiores3
1002 1907 1195 1939 dictaturam
1208 1905 1464 1938 administrantis
1479 1904 1573 1937 Leid.
1587 1906 1709 1937 2.-12

237 1949 335 1982 Unus
359 1949 489 1982 Brand.
513 1954 550 1982 et
565 1951 691 1992 Ultraj.
707 1954 739 1983 1.
764 1951 789 1983 i.
811 1960 854 1983 m.
878 1951 1068 1992 profutura,-
1091 1951 1150 1982 alii
1166 1950 1268 1983 codd.
1283 1950 1427 1982 Torren.
1440 1948 1652 1981 instrumenta
1665 1956 1710 1979 m.

232 1993 451 2033 [πωπω-13
476 1993 754 2035 ‘Adjwiicatomm
768 1993 886 2026 nescio
899 2004 941 2026 an
958 1994 991 2026 in
1008 1994 1077 2025 ullo
1094 1993 1224 2035 scripto
1237 1993 1326 2025 libro
1340 1991 1545 2025 inveniatur.
1567 1990 1713 2023 Habent

243 2037 336 2068 enim
352 2036 543 2077 abditorum,
553 2042 592 2069 ut
604 2037 736 2070 editum
752 2047 887 2079 quoque
899 2043 951 2070 est
963 2036 1131 2077 Veneriis,
1145 2037 1200 2069 vel
1211 2035 1467 2078 additarum‚vel
1480 2034 1570 2078 quod
1580 2033 1711 2076 plures,

242 2080 462 2112 addictorum:
491 2090 578 2120 unus
606 2081 706 2113 Leid.
735 2085 824 2112 sext.
840 2080 1040 2120 abjectorum.
1083 2081 1227 2113 Mediol.
1256 2084 1294 2112 et
1320 2078 1465 2111 Ascens.
1495 2077 1712 2114 addictorum,-

238 2123 300 2155 aed
318 2123 427 2155 Aldus
442 2126 478 2154 et
495 2124 618 2165 reliqui
641 2124 896 2164 adjudicatorum
918 2124 1099 2157 dederunt.
1141 2121 1353 2155 ‘Addictos'
1376 2123 1467 2154 inter
1486 2125 1524 2154 et
1549 2121 1560 2139 ⁴
1572 2118 1713 2153 servos'

238 2166 321 2208 quid
351 2165 490 2198 intersit
514 2166 672 2200 ostendit
701 2167 854 2201 Quintil.
875 2167 915 2199 L.
939 2177 1008 2200 vn.
1024 2167 1111 2200 Inst.
1126 2166 1170 2200 3!
1196 2167 1324 2199 Torren.
1370 2166 1456 2198 Mox
1479 2163 1585 2196 Barb.
1609 2163 1712 2204 prim.

239 2209 327 2251 Cop.
351 2209 479 2250 Ultraj.
506 2219 575 2242 sec.
599 2211 731 2242 sedecim
746 2211 860 2251 millia,
878 2214 915 2243 et
931 2211 982 2243 sic
998 2211 1126 2243 Venet.
1139 2210 1294 2243 sexdecim
1317 2209 1416 2241 millia
1430 2207 1575 2240 Mediol.
1594 2206 1667 2240 VII
1671 2215 1716 2238 m.

237 2252 340 2285 Leid.
372 2257 488 2295 quart.
523 2258 559 2285 et
587 2254 717 2295 Ultraj.
748 2254 848 2295 prim.
872 2254 1082 2287 scriberentur
1110 2252 1211 2286 Leid.
1238 2253 1435 2296 quint.—l4
1457 2251 1514 2283 Ita
1544 2248 1715 2283 tredecim

236 2296 339 2330 codd.
352 2296 498 2329 Torren.
510 2306 586 2328 cum
603 2297 686 2329 Vet.
703 2297 800 2338 Mog.
818 2297 960 2331 Venett.
974 2297 1118 2329 Mediol.
1134 2296 1240 2329 Aldd.
1252 2296 1362 2328 Colin.
1378 2294 1513 2336 Gryph.
1531 2297 1568 2326 et
1589 2291 1713 2334 Steph.

240 2339 386 2382 Pighius
399 2349 482 2372 vero
500 2339 668 2372 dederat:
693 2341 807 2372 habent
819 2362 893 2374 ......
902 2341 1091 2373 videbuntur
1100 2350 1112 2379 ;
1133 2350 1219 2372 unus
1236 2344 1339 2382 atque
1354 2340 1440 2371 item
1456 2338 1545 2370 alter
1566 2337 1714 2368 Tor-ren.

904 2433 938 2465 N
943 2433 1047 2466 0¹1*AE

279 2514 294 2531 θ
308 2509 362 2541 Μ.
382 2508 492 2552 Junii]
521 2509 622 2541 Perae
639 2518 683 2541 ex
698 2508 834 2551 plebeia
850 2509 947 2543 Juni-
1004 2513 1060 2541 tus
1076 2508 1111 2540 in
1129 2507 1293 2540 Poenulo:
1317 2506 1327 2524 ‘
1343 2504 1412 2538 Ubi
1427 2503 1461 2536 in
1483 2502 1542 2544 jus
1562 2501 1714 2542 venerit,

238 2569 335 2592 orum
348 2566 465 2602 gente,
482 2560 540 2602 qui
557 2560 684 2592 Consul
701 2569 789 2592 anno
800 2562 877 2592 523.
1004 2559 1156 2592 Addicet
1173 2558 1311 2590 Praetor
1325 2555 1489 2588 familiam
1500 2558 1610 2586 totam
1626 2552 1715 2586 tibi!

281 2611 295 2631 f
306 2611 531 2652 Addictorum]
566 2611 710 2644 Addicti
730 2611 950 2653 dicebantur,
1005 2611 1076 2643 Per
1114 2611 1342 2651 praetextatos
1381 2605 1547 2646 intelligit
1580 2603 1714 2637 nobiles

237 2663 294 2705 qni
324 2668 468 2705 propter
496 2662 618 2696 debita
645 2662 680 2694 in
706 2662 951 2704 temporariam»
1006 2660 1257 2699 efflorescentes,
1283 2657 1343 2699 qui
1370 2655 1518 2689 necdum
1542 2654 1715 2687 decimum
1764 2692 1766 2695 v

240 2713 446 2745 servitutem
499 2712 730 2746 creditoribus
779 2711 954 2745 sententia
1007 2710 1188 2753 septimum
1205 2707 1320 2741 aetatis
1336 2716 1461 2741 annum
1475 2705 1683 2747 attigissent.

240 2763 410 2796 Praetoris
427 2763 702 2797 addicebantur:
738 2763 829 2796 unde
849 2763 953 2796 Plau-
