1878 3132
341 185 450 218 GAP.
472 184 568 216 XH-
602 183 667 216 DE
699 182 958 215 MOR'NBUS
990 183 1094 215 NON
1129 183 1470 217 VULGARIBUS·
1548 173 1637 218 887

219 282 266 325 9.
297 281 491 336 Jungam
513 279 670 332 illos‚³⁸
701 292 818 335 quos
848 281 893 321 et
924 279 1207 334 propositum
1240 283 1287 322 et
1317 280 1467 322 exitus
1502 292 1636 335 pares

162 350 284 393 fecit.
345 349 461 392 Milo
483 348 783 400 Crotoniates,
805 360 909 390 cum
929 347 1011 389 iter
1030 346 1201 389 faciens
1229 360 1439 403 quercum
1460 348 1505 389 in
1528 360 1636 403 agro

163 418 318 462 cuneis
339 418 546 461 adactisv
578 418 734 460 fissam
755 416 958 466 vidisset,
978 414 1119 458 fretus
1144 415 1330 467 viribus,
1361 416 1559 459 accessit
1579 414 1639 458 ad

160 499 276 539 eam,
295 486 570 541 insertisque
589 485 792 528 manibus
813 483 1025 527 divellere
1045 487 1234 526 conatus
1250 488 1343 527 est:
1374 497 1489 539 quas
1507 484 1639 527 arbor

161 555 375 598 excussis
392 555 550 597 cuneis
563 555 607 597 in
624 567 753 596 suam
768 556 969 596 naturam
984 555 1195 595 revocata
1211 552 1497 607 compressit,
1514 565 1640 595 eum-

161 635 250 679 que
270 636 373 667 cum
391 626 460 666 tot
480 622 701 678 gymnicis
716 627 742 645 W
770 621 932 677 palmis
949 620 1239 664 lacerandum
1259 619 1368 662 feris
1388 620 1611 676 praebuit.†

217 692 288 734 10.
320 691 438 734 Item
467 691 749 748 Polydamas
762 695 796 723 ³⁹
811 695 828 712 ¹
869 689 1043 732 athleta
1084 691 1351 745 tempestate
1380 689 1640 744 speluncam

160 761 310 802 subire
332 765 538 811 coactus,
568 759 711 801 nimio
733 762 781 800 et
800 758 953 800 subito
973 758 1152 800 incursu
1180 770 1311 813 aquae
1332 756 1562 799 labefacta
1584 768 1641 798 ea

160 841 216 872 ac
235 834 407 881 ruente,
428 829 589 872 ceteris
608 826 852 870 comitibus
872 826 979 880 fuga
999 825 1251 881 periculum
1271 825 1533 876 vitantibuS,
1565 837 1640 867 so·

159 895 234 939 lus
258 898 440 949 restitit,
461 902 681 952 tanquam
702 894 898 937 humeris
920 894 1016 936 suis
1033 895 1172 936 totius
1193 895 1331 937 ruinae
1357 892 1521 935 molem
1542 905 1640 934 sus—

160 968 429 1009 tentaturus.
490 966 580 1009 Sed
600 964 800 1021 pondere
821 963 943 1005 omni
964 976 1150 1018 corpore
1170 962 1359 1005 humano
1392 960 1641 1016 potentiore

158 1047 372 1090 pressus;
393 1035 548 1089 imbris
565 1033 747 1090 [causa]
758 1037 797 1064 40
826 1032 1014 1088 petitam
1046 1032 1279 1082 latebram,
1314 1029 1537 1073 dementis
1555 1028 1640 1071 sati

161 1103 420 1159 sepulcrum
437 1104 607 1147 habuit.
667 1103 869 1146 Possunt
900 1101 946 1143 hi
978 1101 1184 1157 praebere
1217 1100 1551 1150 documentum,
1571 1099 1640 1140 ni-

159 1171 253 1214 mio
273 1172 436 1215 robore
458 1172 768 1222 membrorum,
803 1170 1006 1224 vigorem
1038 1170 1197 1212 mentis
1228 1168 1480 1219 hebescere,
1507 1165 1639 1222 quasi

159 1241 382 1284 abnuente
402 1245 559 1284 natura
579 1240 818 1295 utriusque
834 1238 941 1281 boni
954 1238 1265 1293 largitionem:
1286 1250 1342 1279 ne
1363 1248 1505 1292 supra
1520 1247 1639 1277 mor-

161 1308 297 1351 talem
336 1310 396 1352 sit
430 1309 712 1360 felicitatem,
750 1307 941 1350 eundem
973 1311 1023 1349 et
1053 1306 1412 1350 valentissimum
1443 1316 1560 1356 esse,
1597 1307 1642 1347 et

156 1377 556 1433 sapientissimum.

776 1478 795 1489 θ
799 1476 1020 1490 “mOOO‘u

156 1557 243 1591 acini
253 1568 267 1596 ,·
295 1566 374 1589 nam
390 1557 424 1589 in
443 1566 549 1599 grano
565 1567 632 1589 non
649 1561 704 1590 est
719 1558 854 1590 humor.
899 1556 972 1589 Pro
991 1557 1103 1589 humm-
1119 1554 1273 1588 nonnulli
1290 1554 1388 1586 Μινω-
1398 1563 1411 1591 ,·
1427 1551 1519 1585 forte
1534 1552 1638 1584 ἧφι-οι·

158 1601 203 1634 ab
218 1602 397 1641 haerendo,
409 1601 524 1644 inquit
539 1601 803 1633 Barthius.——38
825 1601 970 1642 Jungam
985 1603 1016 1632 et
1031 1601 1101 1632 illos
1117 1600 1242 1640 Copes.
1261 1597 1430 1639 probante
1442 1596 1638 1628 Perizonio.

155 1647 245 1677 —39
267 1645 451 1677 Potidamas
479 1644 513 1676 in
543 1645 677 1687 aliquot
703 1644 804 1677 codd.
831 1644 917 1676 Mox
944 1643 1133 1683 labefactata
1153 1653 1191 1674 ea
1214 1641 1329 1674 Bitur.
1354 1644 1384 1672 1.
1428 1640 1540 1672 Paulo
1556 1643 1639 1681 post

152 1689 328 1730 periculum
353 1687 530 1720 vitantibus
555 1690 690 1729 egressis
719 1688 846 1730 Copes.
872 1688 986 1720 Bitur.
1006 1691 1037 1720 1.
1057 1686 1181 1719 Leidd.
1203 1688 1237 1718 4.
1254 1689 1286 1717 5.
1307 1687 1340 1717 6.
1358 1683 1486 1725 Ultraj.
1502 1686 1534 1716 1.
1549 1686 1582 1715 2.
1599 1687 1638 1715 et

155 1732 292 1764 Douac.
322 1731 413 1774 quod
439 1741 507 1764 non
530 1732 670 1764 omnino
693 1732 837 1764 damnat
850 1731 996 1765 Torren.
1020 1730 1124 1763 aliter
1147 1729 1255 1762 sentit
1269 1728 1529 1770 Kappius.—4o
1552 1726 1562 1744 ‘
1577 1725 1637 1758 Sic

154 1774 302 1816 Pighius
317 1775 456 1817 aliique.
503 1774 613 1808 Aldus
629 1775 794 1815 imbribus,
809 1774 831 1807 i.
849 1784 879 1808 e.
894 1784 972 1807 cum
989 1774 1117 1806 imbres
1133 1777 1264 1812 essent,
1277 1771 1404 1804 omisso
1418 1780 1523 1802 causa.
1562 1770 1636 1802 De-

155 1827 232 1850 cem
249 1818 336 1851 Mss.
349 1818 432 1851 Vet.
451 1818 548 1861 Mog.
566 1824 604 1851 et
618 1819 714 1860 Lips.
736 1818 858 1859 imbris,
878 1817 971 1861 quod
988 1827 1054 1860 ego
1068 1827 1131 1860 pro
1146 1815 1299 1848 imbribus
1313 1814 1444 1847 dictum
1461 1812 1636 1852 existimo,

154 1862 245 1894 sicut
257 1862 415 1904 poematis
443 1872 508 1905 pro
528 1862 739 1905 pobmatibus,
763 1864 818 1904 &a
865 1862 984 1896 Quare
1009 1861 1114 1894 etiam
1137 1869 1231 1893 cauca
1244 1859 1343 1892 uncis
1358 1856 1504 1891 inclusi:
1525 1856 1635 1898 Kapp.

823 1959 966 1992 NOTAE

196 2042 212 2059 v
237 2038 354 2071 Caucis
376 2036 515 2079 adactis]
545 2037 643 2070 Idem
658 2037 798 2082 quidem
814 2047 866 2070 re·
919 2036 1012 2069 mine
1028 2035 1157 2068 dicitur
1170 2034 1293 2067 bovem
1310 2042 1373 2074 per
1388 2029 1537 2064 stadium
1553 2038 1633 2071 por·

151 2088 224 2122 fert
249 2089 462 2122 Pausanias:
488 2099 675 2122 cuneorum
703 2099 772 2122 non
795 2099 866 2122 me·
920 2086 1158 2128 tasse‚deinde
1172 2093 1289 2127 pugno
1300 2080 1531 2123 interfecisse,
1541 2089 1634 2112 eum-

153 2141 256 2174 minit
271 2140 428 2181 Genius;
445 2140 603 2174 arborem
620 2141 746 2183 patulis
760 2141 865 2173 ramis
920 2148 988 2182 que
1005 2147 1072 2170 uno
1087 2137 1144 2170 die
1161 2137 1357 2168 devorasse.

151 2190 261 2224 fuisse
276 2191 408 2224 scribit.
963 2196 978 2227 ’r
1001 2190 1070 2223 An.
1082 2190 1133 2222 Μ.
1149 2191 1248 2222 3540.
1283 2187 1340 2221 01.
1354 2188 1408 2219 66.
1423 2188 1456 2218 3.
1490 2183 1579 2218 Urb.
1593 2183 1634 2216 C.

197 2247 220 2263 ¹¹
243 2243 302 2276 Tot
322 2242 497 2286 gymnicis]
519 2242 658 2276 Palmas
681 2242 865 2286 Olympias
919 2244 997 2274 239.
1020 2241 1104 2274 Ant.
1123 2241 1188 2274 ch.
1202 2242 1279 2272 513.

153 2303 228 2335 sex,
257 2294 424 2335 Pythicas
451 2294 599 2327 totidem
626 2294 772 2336 adeptus
798 2298 866 2335 est,
963 2297 980 2314 ¹
1004 2291 1208 2335 Polydamas]
1242 2292 1393 2324 Leonem
1409 2286 1548 2320 inermis
1563 2295 1632 2319 am-

153 2354 198 2377 ex
214 2345 387 2378 Pausania
399 2350 435 2378 et
446 2345 572 2378 Suida:
587 2346 715 2378 malum
730 2346 864 2378 tenenti
919 2347 1042 2389 plexus
1058 2356 1241 2389 superasse
1262 2344 1397 2383 fertur3
1422 2349 1630 2383 currumque

150 2395 282 2439 digitis,
318 2406 420 2429 nemo
457 2400 597 2438 poterat
627 2402 863 2438 extorquere;
918 2398 1101 2440 agitatum,
1132 2397 1268 2440 quoties
1294 2393 1523 2439 apprehendit
1547 2391 1629 2424 dex·

151 2446 233 2479 dum
248 2448 283 2480 iu
299 2447 396 2480 disco
410 2447 638 2488 constitisset,
662 2457 763 2480 nemo
789 2457 862 2480 ves·
918 2455 1006 2492 tera,
1028 2449 1218 2482 retinuisse.

150 2498 236 2541 tigio
252 2498 439 2532 dimovere.
485 2499 527 2532 In
551 2498 736 2542 Olympico
752 2504 862 2533 certa·
