1878 3132
246 137 334 183 602
649 150 862 183 VALERH
893 151 1088 183 ΜΑΧιΜι
1121 152 1217 184 Lm.
1241 153 1306 185 vx.

247 250 470 290 taturum:
501 247 639 291 etiam
651 251 687 280 ²⁷
718 247 774 290 de
793 253 871 291 tuo
890 249 1030 304 priuS‚
1052 262 1185 304 quam
1206 249 1261 292 de
1292 248 1471 292 Manilii
1488 250 1640 306 capite
1660 250 1704 294 in

248 315 481 358 consilium
505 315 682 372 judices
702 315 903 359 mittam?
963 318 1038 360 Ita
1057 318 1212 360 eodem
1240 317 1414 373 judicio
1442 317 1556 362 duos
1576 319 1708 362 susti-

248 386 348 427 nuit
385 398 516 429 reos:
556 387 844 429 accusatione
887 387 1138 439 Manilium,
1173 388 1375 430 libertate
1414 387 1679 442 Pompeium
1697 398 1709 428 :

248 456 294 495 et
313 467 467 497 eorum
486 455 672 498 alterum
690 457 787 511 lege
809 458 991 512 peregit,
1011 457 1197 499 alterum
1218 455 1508 512 professione,
1524 469 1617 511 qua
1636 468 1712 499 so-

247 521 340 564 lum
361 523 567 578 poterat!

305 591 346 633 5.
378 590 501 642 Quid
522 593 657 646 ergo?
687 592 868 635 libertas
889 592 985 635 sine
1006 591 1203 636 Catone‘l
1220 592 1256 618 ²⁸
1286 606 1376 636 non
1405 593 1548 648 magis
1574 605 1709 648 quam

251 657 367 702 Cato
387 660 482 701 sine
501 660 717 702 libertate.
778 660 900 703 Nam
920 674 1020 703 cum
1042 661 1086 703 in
1107 664 1357 704 senatorem
1378 659 1634 704 nocentemi
1663 665 1711 703 et

250 726 456 770 infamem
494 741 618 770 reum
647 728 795 783 judex
833 729 1041 780 sedisset,
1078 730 1347 784 tabellaeque
1384 728 1466 772 Cn.
1503 727 1712 783 Pompeii

249 796 551 840 laudationem
573 796 669 851 ejus
689 798 974 840 continentes
989 798 1183 854 prolatae
1203 802 1370 850 essent,
1390 796 1553 852 procul
1572 797 1710 840 dubio

252 864 460 908 efficaces
480 865 640 908 futurae
661 879 740 920 pro
759 867 953 918 noxio‚²⁹
974 867 1212 909 summovit
1232 880 1312 910 eas
1331 880 1356 908 e
1373 866 1634 922 quaestione,
1647 866 1712 908 le-

251 947 347 988 gem
363 934 608 985 recitando‚
630 948 721 990 qua
743 941 928 978 cautum
948 940 1057 987 erat,
1089 938 1101 958 ‘
1118 949 1173 978 ne
1193 936 1472 978 senatoribus
1487 935 1564 984 tali
1584 934 1712 976 auxi-

250 1002 313 1044 lio
333 1003 395 1045 uti
415 1002 596 1045 liceret.'
657 1004 781 1046 Huic
802 1005 922 1047 facto
955 1018 1149 1060 persona
1182 1004 1513 1047 admirationem
1533 1002 1712 1057 ademit.

252 1069 373 1113 Nam
395 1084 496 1126 quae
517 1072 565 1114 in
585 1073 673 1115 alio
693 1073 886 1116 audacia
906 1074 1140 1125 videretur,
1158 1074 1202 1115 in
1224 1073 1396 1116 Catone
1425 1071 1591 1114 fiducia
1609 1083 1713 1126 cog-

252 1139 464 1182 noscitur.

309 1208 354 1250 6.
386 1207 471 1252 Cn.
493 1207 715 1252 Lentulus
729 1214 764 1241 ³0
794 1209 1086 1254 Marcellinus
1107 1210 1276 1261 consul,
1310 1222 1412 1252 cum
1431 1209 1477 1251 in
1498 1207 1714 1252 concione

253 1275 312 1318 de
332 1275 484 1331 Magni
518 1277 727 1333 Pompeii
760 1279 900 1321 nimia
930 1276 1151 1334 potentiaj
1183 1282 1448 1333 quereretur,
1481 1289 1716 1319 assensus-

255 1358 343 1401 que
365 1345 406 1388 ei
427 1346 550 1389 clara
568 1360 681 1390 voce
704 1348 940 1390 universus
974 1347 1176 1403 populus
1206 1349 1354 1390 esset:
1390 1347 1404 1367 ‘
1423 1342 1719 1395 Acclamate‚'

296 1474 314 1498 ⁶
330 1476 375 1509 Et
398 1486 506 1509 eorum
523 1478 656 1510 alterum
679 1478 854 1511 Manilium
882 1479 951 1518 lege
973 1478 1120 1511 damnari
1139 1477 1247 1518 secit;
1275 1475 1410 1509 alterum
1439 1485 1512 1509 vero
1533 1474 1718 1517 Pompeium

250 1518 413 1561 professus
425 1524 474 1553 est
484 1530 516 1553 se
529 1524 757 1564 accusaturum,
771 1523 852 1565 quod
865 1522 964 1554 solum
975 1525 1113 1564 poterat.

256 1673 360 1708 etiam
386 1673 467 1707 Joh.
492 1673 853 1707 sarisberiensis.—-2'I
878 1674 946 1707 Pro
970 1674 1065 1707 etiam
1090 1675 1208 1707 Vorst.
1234 1674 1325 1716 conj.
1350 1673 1480 1715 etjam,
1501 1669 1721 1714 improbante

253 1719 394 1751 Torren.
418 1717 547 1750 nabent
563 1724 675 1750 tamen
692 1717 740 1750 ita
763 1727 896 1760 quoque
914 1718 1043 1759 Ultraj.
1064 1720 1097 1750 2.
1115 1718 1211 1751 Leid.
1227 1722 1260 1751 5.
1277 1721 1309 1751 6.
1327 1717 1442 1749 Periz.
1459 1716 1556 1757 Mog.
1600 1713 1720 1747 Ceteri

256 1766 340 1794 ante
364 1761 537 1801 Pighium,
550 1760 622 1801 jam
647 1762 686 1793 de
709 1764 762 1792 tuo
787 1761 888 1802 prius,
910 1760 1064 1793 scribere
1087 1762 1292 1793 maluerunt.
1335 1761 1446 1792 Porro
1461 1763 1608 1800 uterque
1624 1757 1721 1790 Med.

256 1804 358 1837 Harl.
374 1804 447 1836 Bit.
463 1806 495 1836 2.
522 1804 617 1836 Leid.
635 1807 665 1836 1.
682 1807 713 1836 6.
737 1805 822 1845 Cop.
845 1804 1006 1835 consilium
1030 1803 1188 1843 judicium
1223 1805 1369 1836 mittam.-
1392 1802 1504 1835 Periz.
1531 1800 1658 1842 Ultraj.
1685 1802 1719 1832 2.

257 1847 356 1880 Leid.
370 1850 404 1880 2.
437 1847 534 1888 Mog.
560 1847 595 1878 in
618 1847 781 1879 consilium
791 1847 955 1888 judicum.-
979 1847 1067 1879 Ven.
1093 1847 1238 1879 Mediol.
1257 1846 1402 1879 Ascens.
1424 1844 1587 1878 consilium
1599 1843 1722 1884 judicia

257 1890 435 1923 exhibent.
471 1890 551 1923 Joh.
574 1890 745 1923 Sarisber.
768 1890 803 1922 in
832 1890 994 1922 consilium
1018 1890 1146 1930 =iudices
1172 1890 1400 1923 mittam—28
1423 1889 1482 1922 Sic
1505 1886 1724 1928 interpunxit

257 1933 472 1974 Perizonius,
494 1942 571 1965 cum
603 1939 684 1966 ante
714 1934 909 1975 legeretur:
949 1934 1037 1970 Quid
1065 1943 1140 1974 ergo
1168 1933 1297 1966 libertas
1320 1933 1388 1965 sine
1415 1929 1556 1964 Catone?
1580 1930 1721 1962 Venett.

260 1977 347 2014 Quid
366 1979 489 2019 poterat
505 1986 580 2016 ergo
594 1977 824 2009 libertas.—29
847 1977 902 2009 lta
918 1975 1028 2008 Aldus
1043 1981 1080 2008 et
1094 1977 1270 2009 Martinus
1286 1976 1432 2018 Hei-bip.
1449 1975 1643 2007 ediderant.
1674 1971 1724 2008 At

259 2019 403 2062 Pighius
420 2019 590 2061 expunxit
613 2029 672 2061 pro
694 2021 790 2052 noxio
815 2019 1027 2062 scripsitque
1053 2020 1218 2061 protinam
1242 2019 1333 2061 qnod
1351 2020 1384 2051 in
1399 2029 1466 2051 uno
1483 2017 1560 2050 cod.
1582 2025 1721 2058 repere-

258 2068 325 2095 rat.
371 2063 538 2095 Codicum
564 2063 694 2095 Brand.
724 2073 824 2101 unus,
859 2063 1025 2104 proximo:
1056 2064 1146 2095 alter
1168 2064 1334 2105 proximu,-
1357 2061 1527 2105 quomodo
1554 2065 1591 2092 et
1617 2058 1722 2091 editio

258 2106 550 2148 Chalcocondylae
575 2106 702 2139 habet:
736 2116 793 2147 pro
815 2106 922 2148 noxio,
946 2106 1037 2148 quod
1066 2107 1243 2139 revocavit
1268 2107 1443 2143 Vorstius,
1464 2104 1594 2136 liabent
1619 2102 1724 2134 etiam

260 2149 361 2181 Harl.
381 2149 501 2181 Leidd.
529 2152 560 2182 1.
582 2153 614 2180 5.
643 2153 676 2181 6.
722 2149 846 2190 Ultraj.
873 2152 904 2182 2.
929 2154 966 2181 et
993 2150 1090 2190 Mog.
1108 2149 1254 2191 proxima
1280 2149 1404 2191 Copes.
1426 2158 1502 2180 cum
1518 2156 1579 2179 sex
1595 2145 1671 2178 aliis
1686 2149 1724 2177 et

259 2192 343 2225 Vet.
357 2193 497 2224 Venett.
514 2196 551 2224 et
565 2192 709 2224 Mediol.
724 2195 845 2224 3.—30
868 2193 968 2224 Harl.
996 2197 1032 2224 et
1055 2192 1167 2225 Βίων.
1182 2196 1215 2225 2.
1239 2201 1437 2234 praenomen
1453 2190 1571 2223 delent
1585 2200 1593 2220 :
1618 2187 1724 2221 Bai-b.

259 2238 293 2268 2.
316 2240 351 2268 et
366 2235 488 2277 Copes.
511 2235 638 2268 liabent
654 2235 719 2267 Gn.
731 2235 814 2267 enim
828 2235 996 2275 Lentulus,
1019 2236 1110 2278 quod
1127 2236 1275 2268 mutavit
1300 2235 1458 2278 Pighius,
1479 2230 1724 2266 consentienti-

259 2279 323 2312 bus
340 2279 479 2322 reliquis
495 2279 639 2311 Torren.
654 2282 691 2311 et
702 2279 799 2320 Meg.
845 2278 1006 2311 Perizon.
1024 2279 1118 2322 conj.
1133 2279 1240 2321 etiam,
1260 2279 1351 2322 quod
1367 2282 1464 2311 extat
1478 2277 1513 2310 in
1527 2274 1675 2308 Mediol.
1690 2276 1725 2307 3.

921 2364 952 2396 Ν
959 2364 1063 2397 OTAE

302 2429 312 2452 ¹
334 2429 514 2463 Senator-em
526 2429 699 2471 nocentem]
721 2430 772 2462 M.
788 2429 967 2470 Scaurum,
1021 2429 1112 2462 renti
1139 2430 1300 2470 Lentulo,
1322 2429 1334 2448 ⁴
1347 2429 1425 2462 Non
1452 2425 1650 2465 erubescis,'
1678 2426 1727 2459 ait

260 2482 319 2525 qui
335 2482 426 2523 apud
442 2483 609 2515 Catonem
623 2486 695 2514 tum
710 2481 900 2513 Praetorem
914 2489 967 2512 re·
1022 2479 1222 2522 Pompeius,
1243 2483 1252 2498 ‘
1264 2491 1284 2512 ο
1304 2479 1521 2519 Marcelline,
1535 2477 1579 2509 de
1594 2487 1650 2509 me
1663 2476 1726 2509 mi·

261 2533 492 2575 petundarum
511 2533 703 2575 postulatus
725 2535 790 2573 est,
816 2535 855 2563 ut
880 2530 967 2563 dixi·
1021 2540 1085 2563 nus
1097 2531 1239 2564 honeste
1262 2531 1366 2573 loqui,
1378 2539 1440 2571 per
1455 2538 1554 2571 quem
1570 2537 1613 2559 ex
1629 2531 1725 2560 muto

261 2592 335 2615 mus
349 2594 463 2625 supra.
1020 2583 1162 2623 vocalis,
1178 2586 1215 2614 et
1238 2593 1279 2613 ex
1305 2580 1466 2613 famelico
1490 2588 1628 2611 vomens
1652 2577 1726 2610 fac·

304 2632 314 2661 ³
336 2634 482 2675 Pompeii
497 2634 594 2666 nimia
605 2632 764 2676 potentia]
788 2631 856 2667 Qui
865 2632 966 2673 junc-
1021 2635 1076 2664 tun
1099 2632 1165 2664 es?
1209 2633 1262 2664 De
1289 2631 1440 2664 Favonio
1472 2630 1533 2663 lib.
1556 2639 1597 2663 u.
1621 2639 1651 2663 c.
1670 2631 1726 2662 10.

264 2687 301 2716 ta
323 2693 400 2715 cum
423 2685 548 2716 Crasso
574 2689 611 2716 et
640 2684 778 2716 Caesare
800 2683 968 2715 societate
1018 2692 1052 2714 n.
1068 2685 1100 2716 8.

263 2735 409 2767 alterum
439 2735 661 2768 Consulatum
688 2734 860 2781 petebat:
886 2744 967 2778 qne-
