1878 3132
251 151 341 196 632
651 162 863 194 mnium
898 161 1092 194 MAxrm
1127 162 1221 193 ma.
1255 162 1321 193 vr.

254 258 452 315 perfidiae
475 258 684 300 obtentui
704 271 818 301 esse.
880 257 1039 313 Itaque
1059 257 1255 301 Cottamv
1273 259 1318 301 in
1349 257 1573 303 tribunatu
1594 261 1726 316 quasi

254 329 302 370 in
343 328 495 383 aliquo
533 327 729 370 sacrario
763 327 994 378 latentem,
1033 327 1268 369 tribunitia
1299 326 1405 369 inde
1433 327 1614 382 J'ustitia
1648 342 1727 376 ex-

257 397 428 440 traxit.‡

313 467 356 509 5.
388 464 529 521 Cujus
550 469 602 507 ut
620 465 677 507 ad
701 465 839 507 alium
863 478 993 521 aeque
1020 465 1238 507 illustrem
1273 469 1423 508 actum
1440 469 1479 496 ²⁴
1507 469 1730 520 transgre-¹

257 535 370 586 diar,
408 532 488 576 Cn.
521 531 779 576 Domitiusk
808 534 1010 576 tribunus
1044 534 1193 587 plebis
1226 533 1292 575 M.
1312 534 1531 577 Scaurum
1562 533 1729 588 princi-

257 617 359 659 pem
379 603 579 646 civitatis
599 603 644 645 in
667 603 894 658 judicium
913 600 1098 658 popu1i¹
1129 603 1386 654 devocavit,
1409 607 1476 654 ut,
1495 602 1534 646 si
1550 602 1731 645 fortuna

258 672 524 727 aspirasset,
563 673 765 715 ruinaz²⁵
797 672 866 714 sin
903 672 1067 723 minus,
1105 675 1222 714 certe
1261 672 1366 725 ipsa
1404 670 1731 713 obtrectatione

257 741 525 796 amplissimi
542 741 625 783 viri
646 742 962 783 incrementum
982 739 1200 782 claritatis
1223 738 1600 794 apprehenderet-‘²
1639 737 1730 782 Cu,

253 809 331 864 jus
352 809 637 865 opprimendi
659 823 760 851 cum
782 822 958 851 summo
980 809 1128 851 studio
1148 807 1368 863 flagraret,
1394 820 1550 851 servus
1570 806 1731 850 Scauri

260 879 319 922 ad
341 893 442 922 eum
469 883 607 922 noctu
629 879 847 934 pervenit,
886 879 1232 921 ‘instructurum
1268 891 1318 920 se
1351 877 1452 933 ejus
1479 877 1733 920 accusatio*

258 961 363 990 nem
396 948 549 991 multis
589 951 632 990 et
664 948 873 1002 gravibus
913 948 1082 990 domini
1117 945 1403 989 criminibus’
1433 946 1734 1001 promittens!

260 1017 372 1061 Erat
402 1018 449 1060 in
480 1018 640 1061 eodem
660 1022 846 1073 pectore
868 1017 1073 1060 inimicus
1093 1021 1141 1060 et
1161 1017 1389 1060 Domitius
1408 1015 1590 1057 diversa
1608 1013 1733 1057 aestia

259 1087 454 1129 matione
469 1085 505 1113 ²⁶
535 1087 754 1130 nefarium
783 1086 999 1129 indicium
1036 1086 1372 1142 perpenden82‘
1388 1083 1592 1127 ..Iustitia
1623 1081 1735 1126 vicit

305 1261 322 1284 ἆ
342 1263 386 1295 Ut
411 1262 439 1294 si
454 1262 590 1303 fortuna
604 1261 745 1302 faveret,
770 1261 924 1294 Scaurum
945 1262 1070 1294 omnino
1092 1265 1270 1299 everterem
1292 1261 1321 1292 si
1343 1270 1416 1292 vero
1438 1269 1499 1292 non
1513 1257 1655 1299 faveret,
1670 1258 1737 1301 ipse

262 1306 377 1339 clarior
391 1309 421 1339 et
436 1306 594 1338 illustrior
600 1306 710 1349 fieret,
726 1307 808 1347 quod
819 1315 914 1338 ausus
924 1310 1002 1338 esset
1017 1306 1121 1337 virum
1134 1305 1361 1346 amplissimum
1374 1306 1407 1335 in
1414 1303 1470 1343 jus
1483 1312 1605 1334 vocare.

307 1356 319 1371 ²
335 1351 420 1382 Dum
443 1349 607 1382 Domitius
630 1350 792 1382 examinat
818 1349 976 1389 nefarium
1000 1349 1083 1389 servi
1107 1349 1270 1387 indicium,
1292 1346 1470 1389 perpendit,
1495 1356 1537 1378 an
1558 1346 1628 1388 plus
1653 1345 1737 1387 apud

262 1394 364 1469 {fisum
376 1394 479 1444 valere
494 1393 615 1435 debeat,
630 1395 711 1436 quod
723 1393 791 1436 ipse
803 1394 847 1425 sit
861 1392 1007 1425 inimicus
1023 1392 1150 1434 Scauri,
1164 1402 1256 1434 quam
1271 1392 1351 1433 quod
1372 1390 1512 1422 Scaurus
1533 1390 1578 1421 sit
1597 1389 1741 1421 dominus

300 1447 350 1470 ius
362 1447 456 1470 serm.
823 1443 829 1446 “

881 1499 1124 1513 eeeeeeeeeeee

265 1578 364 1613 Leid.
380 1588 449 1610 sec.
466 1578 624 1610 obtentum
639 1577 726 1611 esse.'
742 1578 953 1619 Kapp.—24
977 1576 1071 1609 Ante
1085 1577 1228 1608 Torren.
1243 1579 1347 1607 actum
1363 1575 1523 1607 omissum
1538 1577 1628 1611 erat,
1644 1573 1739 1615 quod

268 1633 312 1654 ex
329 1623 454 1662 Copes.
470 1622 616 1663 protulit
635 1622 794 1654 Perizon.
810 1621 895 1653 etin
913 1621 1081 1653 tredecim
1105 1619 1208 1651 codd.
1234 1619 1367 1651 invenit
1383 1619 1529 1650 Tei-ren.
1551 1627 1616 1650 nec
1637 1613 1741 1650 aliter

266 1667 347 1698 Vet.
365 1666 460 1707 Mag.
479 1671 514 1697 et
531 1666 625 1706 Lips.
641 1675 698 1706 ap.
710 1666 965 1697 'mannen—25
989 1665 999 1682 ‘
1018 1664 1075 1696 Sic
1090 1663 1251 1695 Vorstius
1275 1662 1384 1694 edidit
1409 1661 1614 1693 auctoritate
1642 1661 1741 1693 unius

268 1710 336 1742 Ms.
357 1708 486 1741 Brand.
513 1712 549 1741 et
573 1708 807 1741 Chalcocond.
833 1717 935 1749 quem
958 1712 1097 1739 secutus
1123 1713 1176 1739 est
1198 1706 1398 1745 Torrenius,
1421 1705 1478 1747 qui
1504 1704 1614 1746 addit,
1642 1703 1742 1737 Med.

270 1754 370 1795 prim.
387 1753 491 1785 etiam
507 1753 634 1784 habere
649 1752 754 1793 ruina,
777 1751 868 1793 quod
886 1751 1011 1792 probat
1026 1750 1242 1782 Perizonius.
1285 1749 1470 1781 Torrenius
1498 1747 1679 1789 explicat:
1702 1748 1744 1780 ut

269 1798 515 1829 inclaresceret
542 1796 617 1837 ipse
643 1795 744 1827 ruina
769 1795 902 1827 Scauri.
946 1794 1065 1826 Ceteri
1093 1803 1209 1826 omnes
1234 1792 1372 1832 ruinam,
1396 1792 1472 1824 scil.
1489 1791 1745 1833 apprehenderet,

270 1841 292 1872 i.
308 1850 338 1872 e.
354 1840 406 1871 uti
420 1839 595 1881 oliverius
611 1843 647 1871 et
665 1839 849 1871 Ascensius
876 1837 1068 1879 explicant,
1091 1842 1128 1869 ut
1151 1846 1229 1869 eum
1255 1835 1524 1868 condemnaret!
1548 1834 1746 1876 Kapp.-26

271 1883 418 1924 Pighius
435 1892 478 1914 ex
495 1882 618 1924 Camp.
636 1883 750 1914 Pulm.
765 1887 801 1914 et
818 1882 895 1914 Sus.
910 1880 1018 1922 legit:
1043 1880 1184 1913 Domitii
1211 1883 1242 1912 et
1267 1879 1415 1911 iuimicus
1427 1878 1483 1920 [et-2
1493 1878 1637 1910 dominus
1648 1888 1662 1916 ‚·
1685 1877 1747 1910 alii

271 1926 374 1959 codd.
387 1928 541 1958 habent:
562 1925 711 1958 inimicus
726 1929 757 1958 et
769 1925 932 1957 Domitius
945 1925 1107 1956 dominus.-
1131 1923 1331 1955 Perizonius
1358 1931 1440 1954 vero
1468 1932 1510 1953 ex
1538 1921 1614 1954 aliis
1631 1921 1742 1954 citat:

272 1970 416 2003 inimicus
431 1974 463 2002 et
486 1970 652 2002 Domitius
667 1973 698 2001 et
713 1970 817 2009 ursus,
840 1969 900 2000 sed
918 1968 1051 1999 monuit
1066 1971 1095 1999 et
1110 1967 1253 1999 dominus
1275 1965 1457 1998 delendum
1483 1974 1572 1997 esse.
1615 1965 1626 1982 ⁴
1641 1964 1746 1997 Cete-

274 2023 349 2046 rum
367 2017 476 2046 totum
491 2014 605 2045 locum
618 2012 668 2044 ita
684 2012 807 2044 scribit
824 2012 951 2053 Copes.
967 2011 1048 2042 Erat
1063 2011 1088 2043 i.
1105 2020 1132 2042 e.
1147 2021 1180 2051 p.
1197 2010 1343 2042 inimicus
1357 2012 1388 2041 et
1402 2008 1563 2041 Domitius
1589 2010 1621 2040 et
1646 2008 1747 2040 domi-

273 2067 332 2089 nus
358 2057 482 2089 diversa
506 2056 714 2088 aestimatione
743 2055 900 2095 nefarium
932 2054 1085 2086 indicium
1118 2055 1321 2096 perpendens.
1366 2052 1507 2085 Justitia
1535 2055 1641 2084 tamen
1669 2050 1748 2084 vicit

274 2101 393 2133 odium.
438 2100 545 2133 Certe
566 2100 702 2131 videtur
718 2103 821 2132 tamen
837 2097 1039 2130 desiderari.
1060 2101 1092 2129 et
1118 2097 1260 2129 dominus
1284 2095 1456 2128 omittitur
1481 2096 1516 2127 in
1532 2093 1630 2127 Med.
1647 2095 1749 2136 prim.

276 2149 314 2177 et
328 2143 423 2175 Leid.
439 2153 509 2176 sec.
552 2144 710 2175 Vacuum
726 2142 875 2184 spatium
891 2141 968 2183 ejus
995 2141 1071 2172 loco
1097 2141 1256 2172 relictum
1282 2144 1335 2171 est
1363 2140 1396 2171 in
1415 2139 1515 2171 Harl.
1539 2142 1570 2170 et
1587 2137 1751 2170 Domitius

275 2188 397 2221 deerat
412 2186 447 2218 in
465 2186 562 2221 Leid.
577 2190 666 2218 sext.
682 2186 790 2218 ceteri
807 2184 881 2217 fere
897 2194 976 2216 cum
993 2183 1186 2225 Copesiano
1203 2182 1438 2215 consentiunt.
1481 2180 1621 2214 Justitia
1645 2184 1751 2214 tamen

276 2231 352 2264 vicit
367 2230 485 2271 odium,
507 2234 605 2262 extat
622 2230 656 2261 in
673 2230 752 2261 edd.
770 2236 899 2270 praeter
915 2228 1011 2269 Mog.
1035 2238 1108 2269 quae
1130 2230 1234 2260 tamen
1261 2237 1336 2258 cum
1352 2226 1440 2258 Mss.
1455 2224 1600 2257 omittit.
1643 2222 1748 2258 Quod

278 2284 345 2307 non
362 2273 518 2306 omnibus
533 2273 744 2315 displicebit,
768 2277 890 2313 utpote
918 2270 1158 2302 exclamationi
1183 2270 1448 2302 convenientem
1475 2268 1608 2302 habens
1634 2267 1748 2300 brevi·

279 2322 400 2352 tatem.
444 2317 531 2350 Mox
569 2316 667 2349 multi
697 2315 798 2348 codd.
835 2314 1059 2353 extimatione;
1098 2314 1188 2346 unde
1216 2313 1378 2345 Perizon.
1410 2311 1745 2344 existimatione—27

951 2424 1092 2457 NOTAE

329 2521 344 2555 ζ
363 2516 494 2549 An.M.
508 2517 606 2547 3900.
630 2513 689 2546 01.
705 2514 824 2545 156.3.
846 2511 934 2545 Urb.
949 2511 989 2544 C.
1047 2511 1139 2554 quod
1165 2511 1209 2543 ab
1236 2520 1277 2543 eo
1303 2511 1340 2542 in
1367 2509 1546 2551 Augurum
1571 2506 1756 2548 collegium

286 2572 361 2601 599.
389 2568 469 2600 Ant.
486 2567 547 2599 Ch.
562 2567 638 2597 153.
1046 2566 1227 2605 cooptatus
1242 2571 1311 2593 non
1327 2565 1431 2600 esset,
1455 2560 1548 2591 illum
1570 2558 1758 2603 accusayit,

327 2619 342 2641 ¹¹
362 2620 423 2652 Cn.
439 2616 618 2658 Domitius]
644 2613 906 2655 Ahenobarbus,
923 2613 992 2646 Ne·
1046 2613 1138 2656 qnod
1156 2622 1255 2644 sacra
1271 2611 1410 2653 publica
1433 2610 1545 2642 Deum
1570 2606 1756 2641 Penatium

288 2673 378 2702 ronis
395 2669 618 2712 Imperatoris
627 2672 760 2701 atavus.
795 2667 849 2699 De
863 2665 994 2698 Scauro
1046 2665 1158 2696 minus
1175 2667 1269 2695 recte
1285 2666 1450 2703 casteque
1465 2659 1604 2692 fierent.

289 2731 405 2762 snpra.
1090 2712 1110 2733 ⁴*
1127 2713 1193 2746 An.
1208 2713 1259 2745 M.
1272 2714 1370 2744 3050.
1395 2711 1453 2743 01.
1472 2713 1546 2743 169.
1562 2713 1592 2742 1.
1616 2708 1701 2742 Urb.
1716 2708 1757 2742 C.

333 2772 341 2794 ¹
357 2773 396 2806 In
407 2772 566 2812 judicium
580 2769 701 2813 populi]
722 2770 838 2802 Iratus
856 2768 998 2809 Scauro,
1049 2768 1126 2799 6-19.
1152 2764 1234 2797 Ant.
1250 2764 1311 2797 Ch.
1327 2766 1403 2796 103.
