1878 3132
244 173 331 216 628
636 180 849 214 unnim
882 180 1078 214 ΜΑΧιΜι
1113 181 1210 214 me.
1242 181 1309 212 vi.

245 280 340 325 ludi
390 280 608 336 plurimos
653 284 699 322 et
746 278 1054 321 nobilissimos
1101 276 1206 320 inde
1244 289 1426 333 pueros,
1465 276 1587 319 velut
1621 289 1718 321 amc

245 350 429 393 bulandi
459 350 603 404 gratia
637 348 840 398 eductos,
876 348 921 389 in
954 352 1102 390 castra
1142 346 1447 389 Romanorum
1491 345 1718 400 perduxit.

248 419 429 472 Quibus
463 418 738 472 interceptiS,
778 429 870 458 non
910 420 1007 458 erat
1046 415 1246 466 dubium,
1288 416 1394 470 quin
1435 414 1602 457 Falisci
1640 414 1718 456 de-

245 489 396 544 posita
435 487 542 529 belli
573 485 749 540 gerendi
788 483 1052 540 pertinacia,
1096 482 1302 524 tradituri
1345 496 1395 524 se
1438 485 1595 524 nostro
1635 482 1717 524 im-

246 557 441 611 peratori
481 558 639 597 esseut.
699 553 767 596 Ea
800 566 846 595 re
869 555 1052 595 senatus
1071 552 1308 602 censuit‚40
1339 555 1353 573 ‘
1371 555 1418 593 ut
1438 552 1564 606 pueri
1594 550 1718 593 vinc-

246 629 340 668 tum
375 625 630 678 magistrum
671 622 808 676 virgis
857 621 1081 664 caedentes
1122 620 1168 662 in
1210 620 1404 674 patriam
1450 620 1720 661 remitteren-

247 693 347 736 tur.'
405 693 512 745 Qua
526 691 706 748 justitia
726 690 863 732 animi
883 702 1036 731 eorum
1060 692 1164 730 sunt
1184 688 1323 743 capti,
1343 701 1526 743 quorum
1548 688 1722 730 moenia

248 762 495 817 expugnari
515 774 603 802 non
625 762 840 814 poterant.
900 756 1111 812 Namque
1134 755 1303 798 Falisci
1333 751 1552 797 beneficio
1578 756 1720 810 magis

249 844 384 886 quam
417 831 550 872 armis
586 827 710 877 victi,
751 832 906 882 portas
943 824 1165 867 Romanis
1198 822 1502 879 aperuerunt?¹
1554 823 1722 866 Eadem

249 899 414 941 civitas
436 895 676 951 aliquoties
697 892 968 943 rebellando,
997 905 1260 947 semperque
1296 891 1499 934 adversis
1531 896 1723 934 contusa

248 966 432 1022 praeliis,
454 965 632 1007 tandem
655 977 704 1006 se
726 962 784 1014 Q.
803 961 987 1004 Lutatio
1018 961 1194 1003 consuli
1227 960 1391 1003 dedere
1427 966 1588 1003 coacta
1620 959 1723 1001 est.‘¹

249 1033 483 1078 Adversus
508 1047 643 1090 quam
679 1032 838 1075 saevire
870 1030 1058 1085 cupiens
1090 1029 1289 1085 populus
1318 1029 1568 1079 RomanuS‚
1598 1031 1723 1083 post-

251 1117 386 1159 quam
409 1117 437 1146 a
457 1103 661 1158 Papirio,
681 1100 809 1156 cujus
829 1112 978 1150 manu,
992 1099 1182 1154 Jubente
1203 1098 1406 1149 consule,
1433 1097 1570 1140 verba
1599 1096 1722 1140 dedi-

250 1173 390 1216 tionis
423 1173 590 1227 scripta
620 1173 761 1222 erant,
800 1169 962 1211 doctus
992 1172 1075 1219 est,
1113 1167 1325 1210 Faliscos
1362 1180 1455 1210 nou
1493 1165 1724 1222 potestati,

252 1242 334 1285 sed
353 1241 457 1283 fidei
479 1254 528 1283 se
560 1240 867 1283 Romanorum
889 1237 1187 1288 commisisse,
1218 1250 1392 1279 omnem
1413 1236 1522 1278 iram
1542 1234 1726 1290 placida

250 1315 400 1353 mente
421 1309 643 1364 deposuit,
672 1309 928 1363 pariterque
951 1310 997 1348 et
1026 1305 1198 1348 viribus
1219 1304 1329 1354 odii,
1355 1317 1443 1346 non
1463 1316 1574 1345 sane
1592 1303 1725 1345 facile

252 1379 373 1421 vinci
387 1378 596 1427 assuetis,
620 1382 665 1418 et
680 1375 885 1418 victoriae
902 1373 1140 1428 obsequio,
1154 1386 1257 1427 quae
1270 1371 1572 1427 promtissime
1586 1370 1725 1412 licen-

251 1448 361 1491 tiam
379 1446 771 1495 subministrat,ne
781 1443 973 1499 justitiae
991 1454 1086 1484 suae
1103 1441 1295 1491 deesset,
1311 1439 1514 1482 obstitit!
1526 1439 1542 1470 †
1579 1438 1723 1488 Idem,

254 1528 356 1557 cum
376 1513 431 1556 P.
453 1512 700 1556 Claudius⁵
746 1511 1038 1553 Camarinos⁶
1066 1509 1204 1552 ductu
1231 1513 1362 1563 atque
1383 1507 1602 1563 auspiciis
1629 1507 1726 1549 suis

255 1587 417 1638 captos
438 1582 522 1623 sub
541 1581 677 1623 hasta
708 1579 1001 1631 vendidisset,
1035 1579 1120 1621 etsi
1141 1578 1350 1621 aerarium
1371 1577 1582 1632 pecunia,
1613 1575 1726 1622 fines

256 1651 374 1707 agris
395 1654 558 1693 auctos
592 1648 993 1699 animadvertebat,
1027 1650 1194 1699 tamen,
1231 1645 1336 1701 quia
1367 1658 1524 1700 parum
1555 1644 1728 1699 liquida

300 1795 315 1816 ι’
326 1796 376 1846 ,Εἰ
386 1797 520 1846 puriter,
534 1807 573 1829 ne
579 1796 720 1837 Justitiae
745 1806 809 1828 suae
836 1796 954 1827 deesset
964 1794 1086 1827 restitit
1095 1804 1109 1833 ‚·
1131 1798 1163 1827 et
1177 1794 1260 1834 odio,
1273 1793 1352 1835 quod
1357 1792 1459 1832 facile
1469 1791 1552 1824 vinci
1566 1801 1628 1823 mm
1637 1791 1728 1831 solet,

256 1843 287 1872 et
300 1843 456 1881 thonae,
470 1850 536 1881 quoe
549 1840 668 1881 praebet
677 1842 863 1882 potestatem
874 1838 1037 1871 saeviemli.

871 1933 1113 1947 ‘NOOOOOOOOO

258 2005 279 2034 4
300 2001 310 2020 ⁴
323 2001 484 2034 Vorstius
501 2006 537 2033 et
547 2001 734 2033 Tor-reulus
750 2000 956 2033 ediderunt:
982 2001 1035 2032 Ea
1048 2010 1083 2032 re
1107 1999 1235 2040 cognita
1256 2001 1384 2030 senatus
1408 1995 1540 2029 censuit.
1585 1993 1729 2036 Pighius

259 2050 296 2077 et
312 2046 478 2077 Colerus:
503 2045 554 2077 De
569 2054 605 2076 ea
618 2053 654 2076 re
668 2048 795 2077 senatus
804 2044 936 2076 censuit.
982 2043 1050 2076 Ast
1063 2044 1096 2075 in
1114 2044 1198 2075 Mss.
1209 2041 1284 2074 fere
1296 2041 1469 2080 omnibus,
1481 2040 1563 2071 Vet.
1580 2042 1617 2070 et
1631 2038 1728 2078 Mog.

259 2092 334 2121 est:
360 2089 410 2120 Ea
424 2099 459 2120 re
472 2091 600 2120 senatus
614 2088 746 2129 censuit,
769 2087 860 2130 quod
877 2085 1040 2120 restitui!
1060 2087 1233 2128 Kapp.--5
1259 2084 1390 2117 Medic.
1405 2087 1438 2116 2.
1456 2092 1527 2115 cum
1542 2083 1614 2115 Coe.
1631 2081 1729 2114 Glau-

929 2182 960 2214 N
967 2181 1071 2215 0¹1*AE

301 2267 317 2283 ⁰
339 2262 474 2294 Senatus
489 2259 623 2301 censuit]
639 2259 755 2292 Aliter
770 2259 898 2299 Livius,
910 2257 968 2301 qui
1022 2265 1121 2289 cessa
1147 2265 1226 2297 pax,
1249 2254 1321 2295 agri
1344 2253 1459 2286 media
1481 2260 1560 2294 pars
1582 2249 1732 2291 ademta,

259 2312 397 2345 laudem
411 2321 545 2344 omnem
564 2321 629 2342 non
644 2309 800 2350 Senatui,
819 2309 879 2340 sed
903 2309 968 2341 Ca·
1024 2318 1067 2340 ex
1083 2309 1228 2350 Eutrop.
1244 2314 1281 2339 et
1298 2308 1401 2339 Oros.
1417 2305 1568 2347 urbsque
1590 2304 1624 2335 in
1640 2303 1730 2335 clivo

261 2364 356 2395 millo
374 2362 510 2402 tribuit,
534 2362 590 2394 cui
611 2360 732 2400 gratiae
748 2365 784 2392 et
802 2369 821 2391 a
837 2359 969 2391 civibus
1024 2369 1158 2400 eversa,
1173 2363 1210 2391 et
1225 2359 1259 2390 in
1275 2357 1419 2400 planitie
1439 2355 1592 2395 condita,
1607 2363 1651 2386 ex
1664 2353 1731 2386 Ζο-

262 2418 298 2446 et
313 2413 355 2445 ab
371 2412 522 2445 hostibus
537 2415 624 2444 aetae
640 2416 732 2442 sunt.
1024 2419 1120 2442 nara.

305 2465 325 2483 ⁴*
349 2464 417 2497 An.
433 2464 486 2496 Μ.
502 2466 599 2496 3661.
646 2462 703 2495 Ol.
719 2465 775 2494 96.
800 2464 835 2494 4.
878 2459 967 2493 Urb.
1067 2467 1082 2497 ψ
1107 2460 1174 2493 An.
1191 2461 1242 2492 M.
1260 2461 1359 2491 3813.
1397 2457 1456 2490 Ol.
1473 2459 1549 2489 134.
1564 2458 1598 2488 4.
1642 2454 1729 2487 Urb.

263 2516 303 2548 C.
316 2519 391 2550 360.
436 2514 520 2547 Ant.
537 2515 601 2547 ch.
616 2516 692 2546 392.
1025 2512 1064 2544 C.
1079 2515 1156 2544 512.
1199 2510 1286 2542 Ant.
1302 2510 1367 2542 Ch.
1382 2511 1458 2540 240.

305 2566 321 2588 ‘¹
344 2568 468 2599 Dedere
482 2569 590 2598 coacta
603 2564 666 2606 est]
703 2563 762 2597 Ob
779 2562 970 2596 Tribunum
1065 2566 1080 2583 Θ
1105 2561 1304 2602 Camurium]
1334 2560 1530 2593 Camerium
1554 2557 1644 2589 Latii
1669 2566 1733 2598 op-

264 2619 461 2651 Genucium
490 2628 510 2650 a
536 2617 679 2650 Faliscis
701 2615 909 2648 contumelia
923 2613 971 2646 af·
1024 2614 1143 2657 pidum
1157 2613 1278 2645 Tacito
1293 2617 1328 2644 et
1341 2611 1481 2644 Plinio:
1507 2609 1667 2641 Cameria
1681 2608 1733 2640 di-

265 2669 409 2710 fectum,
439 2668 566 2701 bellum
605 2671 804 2709 susceptum
835 2670 901 2706 est,
934 2671 972 2698 et
1026 2666 1117 2698 citur
1152 2664 1275 2704 Livi03
1312 2661 1471 2695 Ciceroni
1502 2659 1733 2693 Camerinum.

264 2721 356 2753 iutra
382 2730 443 2752 sex
472 2721 544 2752 dies
573 2718 793 2758 confectum3
822 2717 972 2749 hostium
1027 2717 1130 2751 Nunc
1145 2716 1322 2747 Camerino.

266 2771 461 2813 quindecim
487 2771 594 2802 millia
620 2780 722 2810 caesa,
744 2769 869 2802 ceteris
894 2777 973 2801 con-
