1878 3132
459 206 566 238 GAP.
590 206 623 237 1.
657 207 720 237 DE
753 204 972 236 Jumclls
1008 204 1254 236 PUBLICIS.

1504 193 1592 238 739

124 304 419 356 nobilitatem,
466 308 512 347 et
559 303 804 369 recentem‘
851 302 1112 346 memoriam
1151 301 1310 357 patria,
1355 301 1595 345 absolutus

126 378 224 418 est.†

112 464 116 470 ·
185 443 257 486 ll.
285 442 377 486 Sed
408 441 789 498 quemadmodum
826 439 1038 496 splendor
1071 438 1453 495 amplissimorum
1483 442 1601 484 viro-

126 525 223 555 rum
258 512 305 554 in
336 510 623 567 protegendis
657 510 745 553 reis
766 509 1006 565 plurimum
1036 508 1194 560 valuit,
1228 509 1294 551 ita
1325 509 1369 552 in
1385 508 1419 540 ³⁶
1449 512 1602 566 oppri-

126 581 300 624 mendis
334 594 424 623 non
458 593 566 623 sane
592 579 778 623 multum
809 579 971 635 potuit.
1051 578 1175 631 Quin
1202 578 1337 621 etiam
1377 578 1604 622 evidenter

127 649 296 702 noxiis,
327 649 435 691 dum
471 662 552 692 eos
585 648 736 691 acrius
764 649 1047 704 impugnat‚³⁷
1086 646 1267 702 profuit.
1328 647 1383 690 P.
1400 646 1556 703 Scipio
1571 647 1603 678 ³⁸

130 718 434 761 AEmilianusu
463 717 518 760 1..
540 717 721 760 Cottam
750 716 810 760 ad
841 721 1112 772 praetoremv
1141 716 1395 760 accusavit.
1456 715 1603 772 Cujus

129 799 283 839 causa,
294 799 547 843 quanquam
557 791 591 820 ³⁹
603 785 880 840 gravissimis
888 785 1148 828 criminibus
1161 788 1257 827 erat
1267 785 1493 835 confossa,
1505 798 1609 841 sep·

131 857 219 899 ties
247 854 495 912 ampliatas
505 859 529 878 V
543 859 588 899 et
616 854 675 897 ad
693 855 896 897 ultimum
922 857 1085 897 octavo
1098 853 1278 909 judicio
1299 853 1508 896 absoluta
1522 859 1607 897 est.

133 923 257 976 Quia
276 923 478 966 homines
497 922 822 979 sapientissimi
833 926 873 954 40
893 923 1178 973 verebantur,
1197 936 1250 965 ne
1266 923 1511 979 praecipuae
1534 936 1610 967 ac-

133 992 350 1037 cusatoris
371 991 658 1046 amplitudini
679 990 910 1034 damnatio
939 990 1039 1047 ejus
1074 991 1238 1034 donata
1262 991 1610 1035 existimaretur.

148 1160 151 1163 -
173 1140 195 1169 s
213 1141 336 1184 Septies
346 1142 381 1176 in
393 1143 481 1176 aliud
494 1146 617 1186 tempus
627 1143 741 1176 dilata.

754 1228 996 1244 “WOOO

140 1295 223 1327 nihil
245 1294 457 1329 abstulisset.
500 1296 601 1329 Bona
617 1300 694 1329 erat
710 1295 876 1337 conditio,
903 1296 1053 1329 Scaurus
1082 1300 1197 1328 tamen
1224 1296 1260 1329 id
1287 1298 1456 1340 praestare
1472 1305 1537 1328 non
1556 1307 1615 1339 po-

138 1338 231 1372 tuit)
255 1338 352 1372 Idem.
398 1339 544 1372 Pauculi
559 1339 661 1372 codd.
677 1340 819 1372 Torren.
833 1339 863 1371 si
877 1341 946 1380 lege
959 1339 1187 1373 sibi...liceret:
1203 1340 1348 1382 aliquot,
1361 1339 1395 1372 in
1408 1341 1616 1382 provinciam.

139 1384 228 1414 -86
252 1381 540 1424 Proepositionem
564 1383 620 1415 hic
639 1382 759 1415 delent
782 1383 882 1416 Harl.
900 1383 971 1416 Bit.
988 1383 1088 1426 prim.
1117 1383 1219 1416 Leid.
1236 1393 1304 1415 sec.
1323 1388 1468 1426 uterque
1486 1384 1615 1426 Ultraj.

136 1425 235 1466 Mog.
246 1425 392 1458 Venett.
408 1431 443 1458 et
459 1426 628 1459 νει-37
645 1425 700 1458 Ita
712 1426 853 1468 Pighius
866 1436 910 1459 ex
927 1426 1153 1460 Atrebatensi
1169 1431 1205 1459 et
1223 1427 1435 1460 Cauchiano.
1469 1427 1511 1459 In
1528 1428 1619 1467 aliis,

139 1468 318 1511 Pighianis
341 1473 379 1502 et
402 1469 501 1503 Leid.
528 1472 560 1503 4.
582 1470 795 1512 impugnaret.
850 1470 923 1504 Bit.
958 1470 1059 1512 prim.
1091 1470 1190 1503 Leid.
1217 1470 1330 1513 quint.
1355 1475 1458 1509 sext.
1492 1472 1617 1512 impug-

139 1512 252 1551 nuvit‚·
275 1512 373 1545 Leid.
399 1522 471 1546 sec.
507 1516 686 1555 oppugnat.-
718 1512 829 1546 ceteri
855 1514 1023 1556 impugnat
1052 1523 1131 1546 cum
1158 1514 1343 1556 Mog.—38
1376 1515 1386 1533 ‘
1414 1513 1456 1546 ln
1484 1514 1617 1555 aliquot

141 1555 246 1587 etiam
261 1556 390 1588 nostris
409 1556 492 1588 Mss-
507 1566 687 1598 perperam
705 1557 904 1599 appellatur
918 1557 959 1589 L.
975 1557 1094 1599 Scipio.
1117 1557 1274 1590 nonnulli
1300 1567 1378 1590 cum
1405 1557 1502 1598 Mog.
1527 1567 1616 1600 prae-

140 1608 264 1630 nomen
281 1599 418 1632 omnino
430 1599 608 1633 omittunt.
655 1600 753 1633 Leid.
781 1606 863 1632 tert.
889 1605 1002 1643 quart.
1032 1601 1074 1633 Ρ.
1098 1601 1207 1642 Scipio
1222 1599 1418 1640 Africanus!
1463 1601 1548 1633 Mox
1576 1603 1619 1633 ad

138 1643 287 1683 poputum
301 1643 477 1675 accusavit
504 1642 586 1675 Par.
605 1646 681 1676 l.2.
717 1643 844 1686 Ultraj.
861 1646 891 1676 1.
906 1646 938 1678 2.
973 1643 1081 1676 Barb.
1110 1645 1224 1677 Bitur.
1249 1644 1377 1686 Copes.
1403 1648 1439 1676 et
1463 1644 1563 1676 Leid.
1587 1648 1619 1676 5.

141 1686 226 1726 apud
242 1689 411 1727 proetorem
439 1686 537 1718 Harl.
563 1690 599 1719 et
618 1687 717 1720 multi
742 1686 1005 1728 Pighiani.—-39
1027 1688 1038 1706 ⁴
1053 1687 1112 1719 Sic
1129 1692 1226 1720 recte
1242 1687 1401 1729 Pighius,
1423 1686 1619 1730 habentque

142 1737 260 1766 omnes
275 1729 398 1771 scripti
414 1734 450 1762 et
467 1730 564 1771 Mog.
578 1730 723 1772 reliquae
739 1730 818 1763 edd.
832 1731 976 1772 quamvis
990 1730 1213 1764 exhibebant.
1240 1736 1310 1762 tum
1338 1729 1448 1763 Barb.
1467 1735 1505 1763 et
1521 1731 1619 1764 Leid.

144 1772 246 1814 prim.
270 1771 420 1812 confessa.
443 1772 557 1807 male.’
583 1774 716 1807 Tmen.
761 1773 847 1806 Mox
870 1773 968 1807 Leid.
983 1777 1016 1807 5.
1036 1778 1073 1807 et
1087 1774 1245 1807 nonnulli
1260 1773 1424 1815 Pighiani
1439 1774 1540 1807 dilata
1555 1784 1620 1815 pro

142 1814 395 1856 ‹impetam—40
418 1815 429 1834 ‘
444 1815 532 1849 Haec
548 1826 614 1849 vox
629 1817 661 1849 in
678 1816 780 1850 codd.
796 1816 921 1850 uostris
936 1827 1005 1850 non
1020 1823 1214 1859 comparet,
1235 1827 1300 1850 nec
1316 1818 1351 1849 in
1368 1817 1438 1850 ulla
1453 1817 1621 1858 editione,

144 1858 288 1903 Pighius
303 1858 391 1892 dicit
406 1868 443 1892 se
458 1860 561 1892 malle
574 1870 594 1893 e
611 1859 731 1902 Camp.
749 1860 830 1893 illud
848 1860 942 1905 addi,
956 1860 1019 1894 sed
1033 1861 1120 1904 ipse,
1139 1862 1263 1895 saltem
1283 1861 1318 1894 in
1332 1861 1443 1903 prima
1455 1860 1622 1903 editione,

802 1956 950 1992 No'rAE

188 2035 199 2055 ¹
214 2032 424 2066 Nobilitatem
438 2036 470 2066 et
481 2033 652 2076 recentem]
668 2033 750 2068 Fuit
762 2033 853 2067 enim

147 2095 191 2118 ex
208 2085 357 2128 patricia
371 2085 582 2118 AEmiliorum
610 2090 728 2128 gente,
750 2090 788 2119 et
804 2086 855 2119 M.

147 2137 312 2169 Scaurum
327 2135 478 2168 Senatus
502 2136 693 2179 principem
721 2141 856 2180 patrem

148 2187 278 2221 habuit.
324 2188 382 2219 De
398 2188 456 2220 illo
465 2187 601 2230 judicio
618 2188 694 2231 jam
707 2198 814 2232 soepe.

191 2242 206 2270 t
222 2238 287 2271 An.
303 2239 356 2272 M.
370 2241 468 2272 4000.
492 2237 550 2271 ΟΙ.
568 2241 643 2273 181.
659 2242 694 2272 8.
715 2239 802 2273 Urb.
817 2240 856 2274 C.

147 2292 225 2323 699.
249 2289 332 2322 Ant.
348 2289 412 2322 Ch.
427 2291 482 2322 63.

193 2347 208 2364 ⁰
230 2343 274 2375 P.
295 2341 403 2384 Scipio
424 2341 631 2384 AEmilt'omw]
662 2343 742 2378 Jam
768 2343 858 2377 Cen·

150 2403 219 2434 sor,
230 2393 351 2436 bisque
364 2394 492 2426 Consul
507 2392 635 2435 fuerat,
648 2394 859 2437 Carthagine

152 2444 410 2488 Numantiaque
419 2445 549 2478 eversis
560 2445 784 2488 clarissimus,
795 2450 862 2480 tes·

152 2500 188 2529 te
206 2496 392 2530 Cicerone:
416 2506 494 2530 cum
509 2497 686 2530 Aurelium
710 2497 861 2539 Cottam,

154 2546 278 2579 Galbae
306 2547 396 2579 haud
425 2547 534 2580 multo
561 2552 643 2581 ante
671 2548 862 2592 Collegam‚

154 2597 420 2639 repetundarum
436 2599 623 2632 accusavit.

197 2651 212 2667 V
234 2647 287 2679 Ad
315 2648 504 2690 Praetorem]
541 2650 639 2683 Bene
665 2651 865 2686 emendavit

155 2697 320 2739 Pighiusz
342 2698 410 2731 hoc
433 2700 523 2732 enim
544 2701 663 2734 Romae
678 2701 864 2736 discrimen

157 2747 191 2778 in
208 2747 263 2787 iis,
278 2757 355 2789 quae
369 2748 412 2780 ad
423 2748 555 2790 judicia
571 2751 800 2794 pertinerent,
814 2753 864 2785 in-

158 2803 212 2830 ter
240 2798 484 2840 Magistratum
501 2804 536 2833 et
562 2802 733 2843 privatum
760 2804 865 2837 homi·

909 2045 1003 2076 nem,
1026 2035 1119 2079 quod
1139 2036 1368 2079 Magistratus
1394 2035 1485 2079 apud
1512 2045 1622 2078 popu-

910 2087 994 2129 lum,
1021 2087 1178 2130 privatus
1194 2088 1284 2131 apud
1300 2088 1529 2129 Magistratus
1546 2097 1623 2120 reos

911 2146 1074 2170 accusare
1101 2142 1307 2171 tenerentur
1322 2148 1331 2170 ε
1367 2147 1446 2171 cum
1476 2147 1559 2171 vero
1587 2139 1622 2170 id

913 2188 1079 2231 temporis
1100 2188 1257 2231 privatus
1281 2193 1374 2222 esset
1399 2188 1531 2231 Scipio,
1556 2197 1624 2220 non

911 2238 1005 2281 apud
1031 2240 1213 2282 populum,
1236 2239 1299 2273 sed
1318 2240 1412 2283 apud
1428 2239 1623 2272 Praetorem

913 2290 1053 2324 Cottam
1069 2291 1257 2324 accusavit.

957 2345 979 2362 '⁷
988 2341 1169 2387 Amplius]
1185 2342 1302 2376 Causa
1312 2341 1441 2376 dicitur
1450 2342 1628 2384 ampliata,

914 2403 992 2427 curn
1008 2403 1030 2426 a
1036 2393 1220 2436 judicibus
1231 2394 1464 2437 protrahitur3
1490 2403 1628 2434 compe·

915 2446 1111 2479 rendinatio
1127 2456 1210 2480 vero
1225 2451 1292 2488 est,
1315 2455 1394 2479 cum
1413 2445 1564 2487 partium
1580 2446 1628 2476 al-

915 2502 992 2530 tera
1007 2498 1175 2540 postulat,
1191 2501 1229 2530 ut
1244 2497 1278 2530 in
1294 2497 1386 2530 diem
1402 2496 1549 2528 alterum
1565 2495 1630 2527 dif-

916 2548 1051 2582 feratur
1082 2548 1267 2592 judicium,
1296 2557 1337 2580 eo
1366 2546 1458 2590 quod
1489 2545 1629 2588 judices

918 2609 1055 2633 causam
1069 2610 1137 2633 non
1154 2599 1262 2642 probe
1278 2602 1432 2631 teneant.
1476 2597 1519 2630 In
1534 2596 1630 2629 tabu·

917 2650 960 2684 lis
974 2649 1107 2691 scripta
1122 2650 1225 2682 litera
1239 2648 1280 2681 A.
1297 2648 1545 2681 absolutionem
1562 2648 1629 2689 sig-

919 2699 1096 2741 nificabat,
1111 2700 1159 2732 D.
1175 2699 1445 2740 damnationem,
1469 2698 1515 2731 N.
1532 2705 1568 2731 et
1587 2699 1628 2732 1..

920 2751 1135 2792 dilationem,
1150 2751 1213 2784 hoc
1228 2755 1294 2793 est,
1316 2752 1326 2769 ‘
1344 2750 1421 2784 Non
1439 2750 1571 2794 liquet.‘
