<?xml version="1.0" encoding="UTF-8"?>
<!DOCTYPE html PUBLIC "-//W3C//DTD XHTML 1.0 Transitional//EN"
    "http://www.w3.org/TR/xhtml1/DTD/xhtml1-transitional.dtd">
<html xmlns="http://www.w3.org/1999/xhtml" xml:lang="en" lang="en">
 <head>
  <title>
</title>
<meta http-equiv="Content-Type" content="text/html;charset=utf-8" />
  <meta name='ocr-system' content='tesseract 3.04.00' />
  <meta name='ocr-capabilities' content='ocr_page ocr_carea ocr_par ocr_line ocrx_word'/>
</head>
<body>
  <div class='ocr_page' id='page_1' title='image "./factorumdictorum02valeuoft_0394.png"; bbox 0 0 1878 3132; ppageno 0'>
   <div class='ocr_carea' id='block_1_1' title="bbox 340 159 428 203">
    <p class='ocr_par' dir='ltr' id='par_1_1' title="bbox 340 159 428 203">
     <span class='ocr_line' id='line_1_1' title="bbox 340 159 428 203; baseline 0.011 -1"><span class='ocrx_word' id='word_1_1' title='bbox 340 159 428 203; x_wconf 83' lang='lat'><strong>850</strong></span> 
     </span>
    </p>
   </div>
   <div class='ocr_carea' id='block_1_2' title="bbox 334 265 1803 736">
    <p class='ocr_par' dir='ltr' id='par_1_2' title="bbox 334 265 1803 736">
     <span class='ocr_line' id='line_1_2' title="bbox 338 265 1803 328; baseline 0.005 -19"><span class='ocrx_word' id='word_1_2' title='bbox 338 267 427 309; x_wconf 86' lang='lat' dir='ltr'><strong>mis</strong></span> <span class='ocrx_word' id='word_1_3' title='bbox 463 265 754 323; x_wconf 85' lang='lat' dir='ltr'>Assyriorum</span> <span class='ocrx_word' id='word_1_4' title='bbox 785 268 973 324; x_wconf 80' lang='lat' dir='ltr'><strong>regina,1’</strong></span> <span class='ocrx_word' id='word_1_5' title='bbox 1001 283 1106 313; x_wconf 86' lang='lat' dir='ltr'><strong>cum</strong></span> <span class='ocrx_word' id='word_1_6' title='bbox 1140 271 1182 313; x_wconf 88' lang='lat' dir='ltr'><strong>ei</strong></span> <span class='ocrx_word' id='word_1_7' title='bbox 1203 271 1324 314; x_wconf 84' lang='lat' dir='ltr'><strong>circa</strong></span> <span class='ocrx_word' id='word_1_8' title='bbox 1355 271 1522 315; x_wconf 86' lang='lat' dir='ltr'><strong>cultum</strong></span> <span class='ocrx_word' id='word_1_9' title='bbox 1542 272 1706 328; x_wconf 82' lang='lat' dir='ltr'><strong>capitis</strong></span> <span class='ocrx_word' id='word_1_10' title='bbox 1731 274 1803 317; x_wconf 85' lang='lat' dir='ltr'><strong>sui</strong></span> 
     </span>
     <span class='ocr_line' id='line_1_3' title="bbox 338 336 1803 395; baseline 0.006 -18"><span class='ocrx_word' id='word_1_11' title='bbox 338 341 573 391; x_wconf 79' lang='lat' dir='ltr'><strong>occupatae</strong></span> <span class='ocrx_word' id='word_1_12' title='bbox 605 336 856 380; x_wconf 84' lang='lat' dir='ltr'><strong>nuntiatum</strong></span> <span class='ocrx_word' id='word_1_13' title='bbox 887 343 1026 390; x_wconf 84' lang='lat' dir='ltr'><strong>esset,</strong></span> <span class='ocrx_word' id='word_1_14' title='bbox 1052 338 1327 395; x_wconf 86' lang='lat' dir='ltr'><strong>Babylonem</strong></span> <span class='ocrx_word' id='word_1_15' title='bbox 1340 345 1372 371; x_wconf 90' lang='lat'><strong>³¹</strong></span> <span class='ocrx_word' id='word_1_16' title='bbox 1403 341 1640 394; x_wconf 82' lang='lat' dir='ltr'><strong>defecisse,</strong></span> <span class='ocrx_word' id='word_1_17' title='bbox 1665 342 1803 385; x_wconf 82' lang='lat' dir='ltr'><strong>altera</strong></span> 
     </span>
     <span class='ocr_line' id='line_1_4' title="bbox 336 404 1803 465; baseline 0.005 -19"><span class='ocrx_word' id='word_1_18' title='bbox 336 407 467 458; x_wconf 82' lang='lat' dir='ltr'><strong>parte</strong></span> <span class='ocrx_word' id='word_1_19' title='bbox 488 405 672 447; x_wconf 87' lang='lat' dir='ltr'><strong>erinium</strong></span> <span class='ocrx_word' id='word_1_20' title='bbox 702 404 851 448; x_wconf 87' lang='lat' dir='ltr'><strong>adhuc</strong></span> <span class='ocrx_word' id='word_1_21' title='bbox 870 407 1017 448; x_wconf 86' lang='lat' dir='ltr'><strong>soluta</strong></span> <span class='ocrx_word' id='word_1_22' title='bbox 1046 408 1245 461; x_wconf 87' lang='lat' dir='ltr'><strong>protinus</strong></span> <span class='ocrx_word' id='word_1_23' title='bbox 1265 409 1324 451; x_wconf 84' lang='lat' dir='ltr'><strong>ad</strong></span> <span class='ocrx_word' id='word_1_24' title='bbox 1344 422 1444 452; x_wconf 83' lang='lat' dir='ltr'><strong>eam</strong></span> <span class='ocrx_word' id='word_1_25' title='bbox 1461 409 1803 465; x_wconf 77' lang='lat' dir='ltr'><strong>expugnandam</strong></span> 
     </span>
     <span class='ocr_line' id='line_1_5' title="bbox 336 473 1803 534; baseline 0.004 -19"><span class='ocrx_word' id='word_1_26' title='bbox 336 473 548 516; x_wconf 84' lang='lat' dir='ltr'>cucurrit:</span> <span class='ocrx_word' id='word_1_27' title='bbox 576 487 659 516; x_wconf 90' lang='lat' dir='ltr'><strong>nec</strong></span> <span class='ocrx_word' id='word_1_28' title='bbox 692 474 820 529; x_wconf 88' lang='lat' dir='ltr'><strong>prius</strong></span> <span class='ocrx_word' id='word_1_29' title='bbox 849 474 1052 516; x_wconf 87' lang='lat' dir='ltr'><strong>decorem</strong></span> <span class='ocrx_word' id='word_1_30' title='bbox 1069 475 1335 530; x_wconf 86' lang='lat' dir='ltr'><strong>capillorum</strong></span> <span class='ocrx_word' id='word_1_31' title='bbox 1358 478 1405 519; x_wconf 90' lang='lat' dir='ltr'><strong>in</strong></span> <span class='ocrx_word' id='word_1_32' title='bbox 1433 477 1648 531; x_wconf 89' lang='lat' dir='ltr'><strong>ordinem,</strong></span> <span class='ocrx_word' id='word_1_33' title='bbox 1666 490 1803 534; x_wconf 83' lang='lat' dir='ltr'><strong>quam</strong></span> 
     </span>
     <span class='ocr_line' id='line_1_6' title="bbox 334 543 1802 600; baseline 0.003 -17"><span class='ocrx_word' id='word_1_34' title='bbox 334 545 504 585; x_wconf 81' lang='lat' dir='ltr'><strong>tantam</strong></span> <span class='ocrx_word' id='word_1_35' title='bbox 524 543 679 586; x_wconf 90' lang='lat' dir='ltr'><strong>urbem</strong></span> <span class='ocrx_word' id='word_1_36' title='bbox 697 543 744 585; x_wconf 91' lang='lat' dir='ltr'><strong>in</strong></span> <span class='ocrx_word' id='word_1_37' title='bbox 767 546 1040 599; x_wconf 82' lang='lat' dir='ltr'><strong>potestatem</strong></span> <span class='ocrx_word' id='word_1_38' title='bbox 1059 556 1188 586; x_wconf 88' lang='lat' dir='ltr'><strong>suam</strong></span> <span class='ocrx_word' id='word_1_39' title='bbox 1207 545 1408 600; x_wconf 81' lang='lat' dir='ltr'><strong>redegit.‡</strong></span> <span class='ocrx_word' id='word_1_40' title='bbox 1467 546 1692 600; x_wconf 80' lang='lat' dir='ltr'><strong>Quocirca</strong></span> <span class='ocrx_word' id='word_1_41' title='bbox 1710 550 1802 588; x_wconf 77' lang='lat' dir='ltr'><strong>sta-</strong></span> 
     </span>
     <span class='ocr_line' id='line_1_7' title="bbox 334 610 1800 670; baseline 0.003 -18"><span class='ocrx_word' id='word_1_42' title='bbox 334 614 416 653; x_wconf 83' lang='lat' dir='ltr'><strong>tua</strong></span> <span class='ocrx_word' id='word_1_43' title='bbox 433 610 529 667; x_wconf 89' lang='lat' dir='ltr'><strong>ejus</strong></span> <span class='ocrx_word' id='word_1_44' title='bbox 558 610 795 666; x_wconf 87' lang='lat' dir='ltr'><strong>Babylone</strong></span> <span class='ocrx_word' id='word_1_45' title='bbox 825 611 977 666; x_wconf 83' lang='lat' dir='ltr'><strong>posita</strong></span> <span class='ocrx_word' id='word_1_46' title='bbox 1002 615 1071 654; x_wconf 88' lang='lat' dir='ltr'><strong>est</strong></span> <span class='ocrx_word' id='word_1_47' title='bbox 1100 611 1180 654; x_wconf 92' lang='lat' dir='ltr'><strong>illo</strong></span> <span class='ocrx_word' id='word_1_48' title='bbox 1210 612 1380 666; x_wconf 88' lang='lat' dir='ltr'><strong>habitu,</strong></span> <span class='ocrx_word' id='word_1_49' title='bbox 1402 628 1490 670; x_wconf 93' lang='lat' dir='ltr'><strong>quo</strong></span> <span class='ocrx_word' id='word_1_50' title='bbox 1512 615 1569 659; x_wconf 84' lang='lat' dir='ltr'><strong>ad</strong></span> <span class='ocrx_word' id='word_1_51' title='bbox 1589 614 1800 658; x_wconf 82' lang='lat' dir='ltr'><strong>ultionem</strong></span> 
     </span>
     <span class='ocr_line' id='line_1_8' title="bbox 334 679 1312 736; baseline 0.003 -16"><span class='ocrx_word' id='word_1_52' title='bbox 334 679 599 733; x_wconf 86' lang='lat' dir='ltr'><strong>exigendam</strong></span> <span class='ocrx_word' id='word_1_53' title='bbox 615 680 842 723; x_wconf 86' lang='lat' dir='ltr'><strong>celeritate</strong></span> <span class='ocrx_word' id='word_1_54' title='bbox 863 680 1090 736; x_wconf 75' lang='lat' dir='ltr'><strong>praecipiti</strong></span> <span class='ocrx_word' id='word_1_55' title='bbox 1111 681 1312 724; x_wconf 84' lang='lat' dir='ltr'><strong>tetendit.</strong></span> 
     </span>
    </p>
   </div>
   <div class='ocr_carea' id='block_1_3' title="bbox 746 170 1407 209">
    <p class='ocr_par' dir='ltr' id='par_1_3' title="bbox 746 170 1407 209">
     <span class='ocr_line' id='line_1_9' title="bbox 746 170 1407 209; baseline 0.009 -8"><span class='ocrx_word' id='word_1_56' title='bbox 746 170 954 202; x_wconf 84' lang='lat' dir='ltr'><strong>VALERII</strong></span> <span class='ocrx_word' id='word_1_57' title='bbox 988 170 1181 204; x_wconf 82' lang='lat' dir='ltr'><strong>MAlel</strong></span> <span class='ocrx_word' id='word_1_58' title='bbox 1213 173 1311 205; x_wconf 65' lang='grc' dir='ltr'><strong>[ΑΒ.</strong></span> <span class='ocrx_word' id='word_1_59' title='bbox 1330 173 1407 209; x_wconf 85' lang='lat' dir='ltr'><strong>lx.</strong></span> 
     </span>
    </p>
   </div>
   <div class='ocr_carea' id='block_1_4' title="bbox 947 792 1188 807">
    <p class='ocr_par' dir='ltr' id='par_1_4' title="bbox 947 792 1188 807">
     <span class='ocr_line' id='line_1_10' title="bbox 947 792 1188 807; baseline 0.008 -2"><span class='ocrx_word' id='word_1_60' title='bbox 947 792 1188 807; x_wconf 70' lang='lat' dir='ltr'><strong>mmmm</strong></span> 
     </span>
    </p>
   </div>
   <div class='ocr_carea' id='block_1_5' title="bbox 329 851 1798 1073">
    <p class='ocr_par' dir='ltr' id='par_1_5' title="bbox 329 851 1798 1073">
     <span class='ocr_line' id='line_1_11' title="bbox 331 851 1796 901; baseline 0.005 -17"><span class='ocrx_word' id='word_1_61' title='bbox 331 851 417 885; x_wconf 90' lang='lat' dir='ltr'><strong>Mss.</strong></span> <span class='ocrx_word' id='word_1_62' title='bbox 433 853 592 886; x_wconf 86' lang='lat' dir='ltr'><strong>undecim</strong></span> <span class='ocrx_word' id='word_1_63' title='bbox 607 854 727 897; x_wconf 82' lang='lat' dir='ltr'><strong>habet,</strong></span> <span class='ocrx_word' id='word_1_64' title='bbox 752 856 806 889; x_wconf 79' lang='lat' dir='ltr'><strong>sed</strong></span> <span class='ocrx_word' id='word_1_65' title='bbox 824 856 860 888; x_wconf 78' lang='lat' dir='ltr'><strong>in</strong></span> <span class='ocrx_word' id='word_1_66' title='bbox 883 856 1073 890; x_wconf 77' lang='lat' dir='ltr'><strong>mulieribus.</strong></span> <span class='ocrx_word' id='word_1_67' title='bbox 1118 858 1204 890; x_wconf 89' lang='lat' dir='ltr'><strong>Mox</strong></span> <span class='ocrx_word' id='word_1_68' title='bbox 1226 858 1276 890; x_wconf 83' lang='lat' dir='ltr'><strong>sui</strong></span> <span class='ocrx_word' id='word_1_69' title='bbox 1303 857 1438 890; x_wconf 84' lang='lat' dir='ltr'><strong>addidit</strong></span> <span class='ocrx_word' id='word_1_70' title='bbox 1461 857 1627 899; x_wconf 83' lang='lat' dir='ltr'><strong>Pighius;</strong></span> <span class='ocrx_word' id='word_1_71' title='bbox 1648 857 1796 901; x_wconf 78' lang='lat' dir='ltr'><strong>probant</strong></span> 
     </span>
     <span class='ocr_line' id='line_1_12' title="bbox 331 895 1798 944; baseline 0.005 -17"><span class='ocrx_word' id='word_1_72' title='bbox 331 895 418 928; x_wconf 77' lang='lat' dir='ltr'><strong>Mss.</strong></span> <span class='ocrx_word' id='word_1_73' title='bbox 447 900 484 929; x_wconf 87' lang='lat' dir='ltr'><strong>et</strong></span> <span class='ocrx_word' id='word_1_74' title='bbox 505 897 690 940; x_wconf 78' lang='lat' dir='ltr'><strong>Mog.——3l</strong></span> <span class='ocrx_word' id='word_1_75' title='bbox 720 899 885 942; x_wconf 83' lang='lat' dir='ltr'><strong>Plerique</strong></span> <span class='ocrx_word' id='word_1_76' title='bbox 911 900 1001 934; x_wconf 84' lang='lat' dir='ltr'><strong>Mss.</strong></span> <span class='ocrx_word' id='word_1_77' title='bbox 1027 901 1126 943; x_wconf 84' lang='lat' dir='ltr'><strong>Mog.</strong></span> <span class='ocrx_word' id='word_1_78' title='bbox 1143 905 1179 934; x_wconf 89' lang='lat' dir='ltr'><strong>et</strong></span> <span class='ocrx_word' id='word_1_79' title='bbox 1201 901 1346 934; x_wconf 87' lang='lat' dir='ltr'><strong>Mediol.</strong></span> <span class='ocrx_word' id='word_1_80' title='bbox 1363 900 1598 944; x_wconf 59' lang='lat' dir='ltr'><strong>Babyloniam3</strong></span> <span class='ocrx_word' id='word_1_81' title='bbox 1618 906 1656 935; x_wconf 87' lang='lat' dir='ltr'><strong>et</strong></span> <span class='ocrx_word' id='word_1_82' title='bbox 1676 906 1798 943; x_wconf 71' lang='lat' dir='ltr'><strong>postea</strong></span> 
     </span>
     <span class='ocr_line' id='line_1_13' title="bbox 331 938 1796 987; baseline 0.005 -17"><span class='ocrx_word' id='word_1_83' title='bbox 331 938 532 983; x_wconf 61' lang='lat' dir='ltr'><strong>Babyloniae.</strong></span> <span class='ocrx_word' id='word_1_84' title='bbox 583 941 759 984; x_wconf 80' lang='lat' dir='ltr'><strong>Ascripsit</strong></span> <span class='ocrx_word' id='word_1_85' title='bbox 789 943 1017 977; x_wconf 84' lang='lat' dir='ltr'><strong>Perizonius:</strong></span> <span class='ocrx_word' id='word_1_86' title='bbox 1048 946 1058 963; x_wconf 89' lang='lat'>‘</span> <span class='ocrx_word' id='word_1_87' title='bbox 1081 946 1138 978; x_wconf 86' lang='lat' dir='ltr'><strong>Sic</strong></span> <span class='ocrx_word' id='word_1_88' title='bbox 1170 944 1437 977; x_wconf 67' lang='lat' dir='ltr'><strong>Lacedaemoniam</strong></span> <span class='ocrx_word' id='word_1_89' title='bbox 1463 954 1569 987; x_wconf 82' lang='lat' dir='ltr'><strong>supra</strong></span> <span class='ocrx_word' id='word_1_90' title='bbox 1593 945 1627 977; x_wconf 91' lang='lat' dir='ltr'><strong>in</strong></span> <span class='ocrx_word' id='word_1_91' title='bbox 1649 954 1726 987; x_wconf 80' lang='lat' dir='ltr'><strong>cap.</strong></span> <span class='ocrx_word' id='word_1_92' title='bbox 1752 945 1796 978; x_wconf 83' lang='lat' dir='ltr'><strong>de</strong></span> 
     </span>
     <span class='ocr_line' id='line_1_14' title="bbox 329 982 1798 1030; baseline 0.004 -16"><span class='ocrx_word' id='word_1_93' title='bbox 329 982 532 1018; x_wconf 66' lang='lat' dir='ltr'><strong>Industria:</strong></span> <span class='ocrx_word' id='word_1_94' title='bbox 555 984 627 1018; x_wconf 88' lang='lat' dir='ltr'><strong>Pro</strong></span> <span class='ocrx_word' id='word_1_95' title='bbox 650 986 804 1027; x_wconf 76' lang='lat' dir='ltr'><strong>cucurrit,</strong></span> <span class='ocrx_word' id='word_1_96' title='bbox 830 987 943 1019; x_wconf 84' lang='lat' dir='ltr'><strong>Paris.</strong></span> <span class='ocrx_word' id='word_1_97' title='bbox 969 997 1040 1021; x_wconf 86' lang='lat' dir='ltr'><strong>sec.</strong></span> <span class='ocrx_word' id='word_1_98' title='bbox 1057 988 1204 1021; x_wconf 81' lang='lat' dir='ltr'><strong>occurrit.</strong></span> <span class='ocrx_word' id='word_1_99' title='bbox 1227 988 1335 1020; x_wconf 88' lang='lat' dir='ltr'><strong>‘Mox</strong></span> <span class='ocrx_word' id='word_1_100' title='bbox 1352 987 1484 1030; x_wconf 86' lang='lat' dir='ltr'><strong>Gryph.</strong></span> <span class='ocrx_word' id='word_1_101' title='bbox 1502 992 1539 1020; x_wconf 88' lang='lat' dir='ltr'><strong>et</strong></span> <span class='ocrx_word' id='word_1_102' title='bbox 1560 988 1680 1030; x_wconf 84' lang='lat' dir='ltr'><strong>Steph.</strong></span> <span class='ocrx_word' id='word_1_103' title='bbox 1709 989 1798 1020; x_wconf 81' lang='lat' dir='ltr'><strong>deco·</strong></span> 
     </span>
     <span class='ocr_line' id='line_1_15' title="bbox 331 1028 1541 1073; baseline 0.004 -15"><span class='ocrx_word' id='word_1_104' title='bbox 331 1036 401 1059; x_wconf 83' lang='lat' dir='ltr'><strong>rum</strong></span> <span class='ocrx_word' id='word_1_105' title='bbox 413 1028 610 1071; x_wconf 70' lang='lat' dir='ltr'><strong>capillorum,</strong></span> <span class='ocrx_word' id='word_1_106' title='bbox 624 1034 746 1063; x_wconf 78' lang='lat' dir='ltr'><strong>contra</strong></span> <span class='ocrx_word' id='word_1_107' title='bbox 760 1030 848 1064; x_wconf 89' lang='lat' dir='ltr'><strong>Mss.</strong></span> <span class='ocrx_word' id='word_1_108' title='bbox 862 1035 899 1064; x_wconf 90' lang='lat' dir='ltr'><strong>et</strong></span> <span class='ocrx_word' id='word_1_109' title='bbox 911 1032 1052 1073; x_wconf 83' lang='lat' dir='ltr'><strong>genium</strong></span> <span class='ocrx_word' id='word_1_110' title='bbox 1067 1032 1182 1065; x_wconf 86' lang='lat' dir='ltr'><strong>Latini</strong></span> <span class='ocrx_word' id='word_1_111' title='bbox 1197 1031 1386 1064; x_wconf 62' lang='lat' dir='ltr'><strong>sermonis!</strong></span> <span class='ocrx_word' id='word_1_112' title='bbox 1411 1032 1541 1064; x_wconf 78' lang='lat' dir='ltr'><strong>Tmen.</strong></span> 
     </span>
    </p>
   </div>
   <div class='ocr_carea' id='block_1_6' title="bbox 994 1129 1136 1184">
    <p class='ocr_par' dir='ltr' id='par_1_6' title="bbox 994 1129 1136 1184">
     <span class='ocr_line' id='line_1_16' title="bbox 994 1129 1136 1184; baseline 0 -21"><span class='ocrx_word' id='word_1_113' title='bbox 994 1129 1136 1184; x_wconf 75' lang='lat' dir='ltr'><strong>NQTAE</strong></span> 
     </span>
    </p>
   </div>
   <div class='ocr_carea' id='block_1_7' title="bbox 303 1213 1035 1773">
    <p class='ocr_par' dir='ltr' id='par_1_7' title="bbox 303 1213 1035 1773">
     <span class='ocr_line' id='line_1_17' title="bbox 372 1213 1033 1260; baseline 0.006 -14"><span class='ocrx_word' id='word_1_114' title='bbox 372 1219 389 1240; x_wconf 77' lang='grc' dir='ltr'><strong>Ρ</strong></span> <span class='ocrx_word' id='word_1_115' title='bbox 424 1213 611 1248; x_wconf 78' lang='lat' dir='ltr'><strong>Semiramis</strong></span> <span class='ocrx_word' id='word_1_116' title='bbox 644 1215 849 1259; x_wconf 77' lang='lat' dir='ltr'><strong>Assyriorum</strong></span> <span class='ocrx_word' id='word_1_117' title='bbox 889 1217 1033 1260; x_wconf 80' lang='lat' dir='ltr'><strong>Regina]</strong></span> 
     </span>
     <span class='ocr_line' id='line_1_18' title="bbox 328 1264 1035 1309; baseline 0.008 -12"><span class='ocrx_word' id='word_1_118' title='bbox 328 1266 417 1301; x_wconf 79' lang='lat' dir='ltr'><strong>Quae</strong></span> <span class='ocrx_word' id='word_1_119' title='bbox 433 1264 532 1299; x_wconf 83' lang='lat' dir='ltr'><strong>vafra</strong></span> <span class='ocrx_word' id='word_1_120' title='bbox 543 1266 701 1309; x_wconf 85' lang='lat' dir='ltr'><strong>inprimis</strong></span> <span class='ocrx_word' id='word_1_121' title='bbox 719 1272 756 1301; x_wconf 90' lang='lat' dir='ltr'><strong>et</strong></span> <span class='ocrx_word' id='word_1_122' title='bbox 769 1273 884 1302; x_wconf 79' lang='lat' dir='ltr'><strong>astuta</strong></span> <span class='ocrx_word' id='word_1_123' title='bbox 899 1270 1035 1302; x_wconf 78' lang='lat' dir='ltr'><strong>ratione</strong></span> 
     </span>
     <span class='ocr_line' id='line_1_19' title="bbox 325 1317 1035 1363; baseline 0.006 -14"><span class='ocrx_word' id='word_1_124' title='bbox 325 1317 371 1350; x_wconf 75' lang='lat' dir='ltr'><strong>ad</strong></span> <span class='ocrx_word' id='word_1_125' title='bbox 384 1326 527 1359; x_wconf 83' lang='lat' dir='ltr'><strong>regnum</strong></span> <span class='ocrx_word' id='word_1_126' title='bbox 543 1327 587 1349; x_wconf 87' lang='lat' dir='ltr'><strong>ex</strong></span> <span class='ocrx_word' id='word_1_127' title='bbox 602 1318 721 1351; x_wconf 87' lang='lat' dir='ltr'><strong>humili</strong></span> <span class='ocrx_word' id='word_1_128' title='bbox 746 1319 945 1353; x_wconf 88' lang='lat' dir='ltr'><strong>conditione</strong></span> <span class='ocrx_word' id='word_1_129' title='bbox 959 1331 1035 1363; x_wconf 88' lang='lat' dir='ltr'><strong>per-</strong></span> 
     </span>
     <span class='ocr_line' id='line_1_20' title="bbox 325 1368 1034 1413; baseline 0.006 -12"><span class='ocrx_word' id='word_1_130' title='bbox 325 1368 463 1402; x_wconf 83' lang='lat' dir='ltr'><strong>venisse</strong></span> <span class='ocrx_word' id='word_1_131' title='bbox 478 1368 622 1410; x_wconf 84' lang='lat' dir='ltr'><strong>dicitur3</strong></span> <span class='ocrx_word' id='word_1_132' title='bbox 657 1380 752 1413; x_wconf 87' lang='lat' dir='ltr'><strong>vere,</strong></span> <span class='ocrx_word' id='word_1_133' title='bbox 767 1381 812 1404; x_wconf 84' lang='lat' dir='ltr'><strong>an</strong></span> <span class='ocrx_word' id='word_1_134' title='bbox 827 1381 927 1404; x_wconf 89' lang='lat' dir='ltr'><strong>secus</strong></span> <span class='ocrx_word' id='word_1_135' title='bbox 943 1371 1034 1405; x_wconf 80' lang='lat' dir='ltr'><strong>affir-</strong></span> 
     </span>
     <span class='ocr_line' id='line_1_21' title="bbox 303 1420 1035 1456; baseline 0.007 -5"><span class='ocrx_word' id='word_1_136' title='bbox 303 1424 421 1453; x_wconf 85' lang='lat' dir='ltr'><strong>&#39;mare</strong></span> <span class='ocrx_word' id='word_1_137' title='bbox 447 1429 517 1452; x_wconf 90' lang='lat' dir='ltr'><strong>non</strong></span> <span class='ocrx_word' id='word_1_138' title='bbox 547 1420 678 1454; x_wconf 84' lang='lat' dir='ltr'><strong>ausim:</strong></span> <span class='ocrx_word' id='word_1_139' title='bbox 712 1422 810 1455; x_wconf 88' lang='lat' dir='ltr'><strong>aiunt</strong></span> <span class='ocrx_word' id='word_1_140' title='bbox 836 1432 911 1456; x_wconf 82' lang='lat' dir='ltr'><strong>eam</strong></span> <span class='ocrx_word' id='word_1_141' title='bbox 936 1423 1035 1456; x_wconf 88' lang='lat' dir='ltr'><strong>initio</strong></span> 
     </span>
     <span class='ocr_line' id='line_1_22' title="bbox 325 1471 1035 1515; baseline 0.006 -12"><span class='ocrx_word' id='word_1_142' title='bbox 325 1480 442 1504; x_wconf 81' lang='lat' dir='ltr'><strong>vernae</strong></span> <span class='ocrx_word' id='word_1_143' title='bbox 463 1471 551 1513; x_wconf 83' lang='lat' dir='ltr'><strong>regii</strong></span> <span class='ocrx_word' id='word_1_144' title='bbox 577 1472 736 1505; x_wconf 79' lang='lat' dir='ltr'><strong>ancillam</strong></span> <span class='ocrx_word' id='word_1_145' title='bbox 759 1472 884 1515; x_wconf 85' lang='lat' dir='ltr'><strong>fuisse3</strong></span> <span class='ocrx_word' id='word_1_146' title='bbox 910 1473 1035 1507; x_wconf 89' lang='lat' dir='ltr'><strong>deinde</strong></span> 
     </span>
     <span class='ocr_line' id='line_1_23' title="bbox 323 1521 1035 1567; baseline 0.006 -13"><span class='ocrx_word' id='word_1_147' title='bbox 323 1521 434 1555; x_wconf 80' lang='lat' dir='ltr'><strong>forma</strong></span> <span class='ocrx_word' id='word_1_148' title='bbox 459 1522 567 1565; x_wconf 84' lang='lat' dir='ltr'><strong>ipsius</strong></span> <span class='ocrx_word' id='word_1_149' title='bbox 586 1527 623 1556; x_wconf 92' lang='lat' dir='ltr'><strong>et</strong></span> <span class='ocrx_word' id='word_1_150' title='bbox 641 1523 761 1566; x_wconf 90' lang='lat' dir='ltr'><strong>lepore</strong></span> <span class='ocrx_word' id='word_1_151' title='bbox 784 1528 907 1567; x_wconf 86' lang='lat' dir='ltr'><strong>captus</strong></span> <span class='ocrx_word' id='word_1_152' title='bbox 923 1524 1035 1558; x_wconf 85' lang='lat' dir='ltr'><strong>Ninus</strong></span> 
     </span>
     <span class='ocr_line' id='line_1_24' title="bbox 325 1574 1035 1619; baseline 0.004 -13"><span class='ocrx_word' id='word_1_153' title='bbox 325 1583 402 1606; x_wconf 89' lang='lat' dir='ltr'><strong>eam</strong></span> <span class='ocrx_word' id='word_1_154' title='bbox 419 1582 535 1607; x_wconf 82' lang='lat' dir='ltr'><strong>amare</strong></span> <span class='ocrx_word' id='word_1_155' title='bbox 549 1574 667 1616; x_wconf 88' lang='lat' dir='ltr'><strong>coepit,</strong></span> <span class='ocrx_word' id='word_1_156' title='bbox 681 1585 826 1619; x_wconf 83' lang='lat' dir='ltr'><strong>eamque</strong></span> <span class='ocrx_word' id='word_1_157' title='bbox 841 1576 876 1608; x_wconf 89' lang='lat' dir='ltr'><strong>in</strong></span> <span class='ocrx_word' id='word_1_158' title='bbox 892 1586 1035 1609; x_wconf 82' lang='lat' dir='ltr'><strong>uxorem</strong></span> 
     </span>
     <span class='ocr_line' id='line_1_25' title="bbox 324 1624 1034 1670; baseline 0.006 -14"><span class='ocrx_word' id='word_1_159' title='bbox 324 1624 447 1665; x_wconf 82' lang='lat' dir='ltr'><strong>duxit3</strong></span> <span class='ocrx_word' id='word_1_160' title='bbox 482 1635 503 1657; x_wconf 90' lang='lat' dir='ltr'>a</span> <span class='ocrx_word' id='word_1_161' title='bbox 517 1635 585 1668; x_wconf 90' lang='lat' dir='ltr'><strong>quo</strong></span> <span class='ocrx_word' id='word_1_162' title='bbox 601 1626 774 1669; x_wconf 79' lang='lat' dir='ltr'><strong>aliquanto</strong></span> <span class='ocrx_word' id='word_1_163' title='bbox 796 1631 875 1670; x_wconf 84' lang='lat' dir='ltr'><strong>post</strong></span> <span class='ocrx_word' id='word_1_164' title='bbox 890 1627 1034 1670; x_wconf 84' lang='lat' dir='ltr'><strong>petiisse</strong></span> 
     </span>
     <span class='ocr_line' id='line_1_26' title="bbox 324 1676 1034 1720; baseline 0.003 -11"><span class='ocrx_word' id='word_1_165' title='bbox 324 1676 465 1720; x_wconf 86' lang='lat' dir='ltr'><strong>dieitur,</strong></span> <span class='ocrx_word' id='word_1_166' title='bbox 482 1681 522 1710; x_wconf 90' lang='lat' dir='ltr'><strong>ut</strong></span> <span class='ocrx_word' id='word_1_167' title='bbox 536 1687 641 1710; x_wconf 85' lang='lat' dir='ltr'><strong>unum</strong></span> <span class='ocrx_word' id='word_1_168' title='bbox 666 1678 768 1711; x_wconf 89' lang='lat' dir='ltr'><strong>modo</strong></span> <span class='ocrx_word' id='word_1_169' title='bbox 789 1678 881 1711; x_wconf 90' lang='lat' dir='ltr'><strong>diem</strong></span> <span class='ocrx_word' id='word_1_170' title='bbox 899 1678 933 1710; x_wconf 91' lang='lat' dir='ltr'><strong>in</strong></span> <span class='ocrx_word' id='word_1_171' title='bbox 949 1679 1034 1711; x_wconf 86' lang='lat' dir='ltr'><strong>solio</strong></span> 
     </span>
     <span class='ocr_line' id='line_1_27' title="bbox 323 1728 1033 1773; baseline 0.001 -12"><span class='ocrx_word' id='word_1_172' title='bbox 323 1728 420 1771; x_wconf 82' lang='lat' dir='ltr'><strong>regio</strong></span> <span class='ocrx_word' id='word_1_173' title='bbox 449 1728 581 1772; x_wconf 83' lang='lat' dir='ltr'><strong>sedeat,</strong></span> <span class='ocrx_word' id='word_1_174' title='bbox 602 1739 789 1773; x_wconf 81' lang='lat' dir='ltr'><strong>omnesque</strong></span> <span class='ocrx_word' id='word_1_175' title='bbox 814 1729 880 1763; x_wconf 87' lang='lat' dir='ltr'><strong>sibi</strong></span> <span class='ocrx_word' id='word_1_176' title='bbox 902 1730 1033 1763; x_wconf 89' lang='lat' dir='ltr'><strong>obtem-</strong></span> 
     </span>
    </p>
   </div>
   <div class='ocr_carea' id='block_1_8' title="bbox 1089 1217 1797 1312">
    <p class='ocr_par' dir='ltr' id='par_1_8' title="bbox 1089 1217 1797 1312">
     <span class='ocr_line' id='line_1_28' title="bbox 1090 1217 1797 1262; baseline 0.001 -11"><span class='ocrx_word' id='word_1_177' title='bbox 1090 1221 1235 1260; x_wconf 85' lang='lat' dir='ltr'><strong>perent:</strong></span> <span class='ocrx_word' id='word_1_178' title='bbox 1259 1218 1349 1261; x_wconf 89' lang='lat' dir='ltr'><strong>quod</strong></span> <span class='ocrx_word' id='word_1_179' title='bbox 1365 1219 1424 1252; x_wconf 88' lang='lat' dir='ltr'><strong>ubi</strong></span> <span class='ocrx_word' id='word_1_180' title='bbox 1437 1227 1458 1251; x_wconf 81' lang='lat' dir='ltr'>a</span> <span class='ocrx_word' id='word_1_181' title='bbox 1470 1219 1567 1260; x_wconf 78' lang='lat' dir='ltr'><strong>Rege</strong></span> <span class='ocrx_word' id='word_1_182' title='bbox 1581 1217 1797 1262; x_wconf 79' lang='lat' dir='ltr'><strong>impetravit,</strong></span> 
     </span>
     <span class='ocr_line' id='line_1_29' title="bbox 1089 1267 1796 1312; baseline -0.003 -10"><span class='ocrx_word' id='word_1_183' title='bbox 1089 1269 1294 1312; x_wconf 84' lang='lat' dir='ltr'><strong>experiundi</strong></span> <span class='ocrx_word' id='word_1_184' title='bbox 1305 1279 1411 1302; x_wconf 82' lang='lat' dir='ltr'><strong>causa</strong></span> <span class='ocrx_word' id='word_1_185' title='bbox 1424 1268 1582 1312; x_wconf 61' lang='lat' dir='ltr'><strong>quaedam</strong></span> <span class='ocrx_word' id='word_1_186' title='bbox 1600 1267 1689 1301; x_wconf 79' lang='lat' dir='ltr'><strong>haud</strong></span> <span class='ocrx_word' id='word_1_187' title='bbox 1701 1278 1796 1312; x_wconf 77' lang='lat' dir='ltr'><strong>mag-</strong></span> 
     </span>
    </p>
   </div>
   <div class='ocr_carea' id='block_1_9' title="bbox 1088 1318 1869 1362">
    <p class='ocr_par' dir='ltr' id='par_1_9' title="bbox 1088 1318 1869 1362">
     <span class='ocr_line' id='line_1_30' title="bbox 1088 1318 1869 1362; baseline -0.003 -10"><span class='ocrx_word' id='word_1_188' title='bbox 1088 1320 1123 1352; x_wconf 88' lang='lat' dir='ltr'><strong>ni</strong></span> <span class='ocrx_word' id='word_1_189' title='bbox 1138 1320 1303 1352; x_wconf 87' lang='lat' dir='ltr'><strong>momenti</strong></span> <span class='ocrx_word' id='word_1_190' title='bbox 1315 1320 1487 1362; x_wconf 84' lang='lat' dir='ltr'><strong>imperat:</strong></span> <span class='ocrx_word' id='word_1_191' title='bbox 1510 1318 1571 1351; x_wconf 87' lang='lat' dir='ltr'><strong>ubi</strong></span> <span class='ocrx_word' id='word_1_192' title='bbox 1581 1318 1796 1351; x_wconf 81' lang='lat' dir='ltr'><strong>serioomnes</strong></span> <span class='ocrx_word' id='word_1_193' title='bbox 1862 1339 1869 1347; x_wconf 87' lang='lat'>-</span> 
     </span>
    </p>
   </div>
   <div class='ocr_carea' id='block_1_10' title="bbox 1087 1369 1796 1769">
    <p class='ocr_par' dir='ltr' id='par_1_10' title="bbox 1087 1369 1796 1769">
     <span class='ocr_line' id='line_1_31' title="bbox 1088 1369 1796 1412; baseline -0.001 -9"><span class='ocrx_word' id='word_1_194' title='bbox 1088 1372 1123 1403; x_wconf 90' lang='lat' dir='ltr'><strong>in</strong></span> <span class='ocrx_word' id='word_1_195' title='bbox 1151 1370 1307 1403; x_wconf 87' lang='lat' dir='ltr'><strong>omnibus</strong></span> <span class='ocrx_word' id='word_1_196' title='bbox 1337 1370 1403 1403; x_wconf 88' lang='lat' dir='ltr'><strong>sibi</strong></span> <span class='ocrx_word' id='word_1_197' title='bbox 1427 1379 1550 1412; x_wconf 81' lang='lat' dir='ltr'><strong>parere</strong></span> <span class='ocrx_word' id='word_1_198' title='bbox 1574 1369 1671 1411; x_wconf 84' lang='lat' dir='ltr'><strong>vidit,</strong></span> <span class='ocrx_word' id='word_1_199' title='bbox 1689 1369 1796 1412; x_wconf 81' lang='lat' dir='ltr'><strong>jubet</strong></span> 
     </span>
     <span class='ocr_line' id='line_1_32' title="bbox 1088 1419 1796 1463; baseline -0.004 -9"><span class='ocrx_word' id='word_1_200' title='bbox 1088 1420 1315 1463; x_wconf 79' lang='lat' dir='ltr'><strong>stipatoribus</strong></span> <span class='ocrx_word' id='word_1_201' title='bbox 1331 1420 1486 1463; x_wconf 86' lang='lat' dir='ltr'><strong>corporis</strong></span> <span class='ocrx_word' id='word_1_202' title='bbox 1497 1419 1598 1462; x_wconf 80' lang='lat' dir='ltr'><strong>regii,</strong></span> <span class='ocrx_word' id='word_1_203' title='bbox 1611 1423 1651 1452; x_wconf 89' lang='lat' dir='ltr'><strong>ut</strong></span> <span class='ocrx_word' id='word_1_204' title='bbox 1665 1420 1796 1460; x_wconf 83' lang='lat' dir='ltr'><strong>Regem</strong></span> 
     </span>
     <span class='ocr_line' id='line_1_33' title="bbox 1088 1469 1794 1514; baseline -0.003 -10"><span class='ocrx_word' id='word_1_205' title='bbox 1088 1471 1198 1514; x_wconf 88' lang='lat' dir='ltr'><strong>ipsum</strong></span> <span class='ocrx_word' id='word_1_206' title='bbox 1213 1471 1519 1513; x_wconf 82' lang='lat' dir='ltr'><strong>comprehendant,</strong></span> <span class='ocrx_word' id='word_1_207' title='bbox 1535 1469 1794 1513; x_wconf 80' lang='lat' dir='ltr'><strong>comprehendi-</strong></span> 
     </span>
     <span class='ocr_line' id='line_1_34' title="bbox 1090 1522 1795 1565; baseline -0.004 -8"><span class='ocrx_word' id='word_1_208' title='bbox 1090 1529 1167 1565; x_wconf 90' lang='lat' dir='ltr'><strong>tur;</strong></span> <span class='ocrx_word' id='word_1_209' title='bbox 1191 1528 1230 1557; x_wconf 91' lang='lat' dir='ltr'><strong>ut</strong></span> <span class='ocrx_word' id='word_1_210' title='bbox 1253 1523 1418 1565; x_wconf 86' lang='lat' dir='ltr'><strong>vinciant,</strong></span> <span class='ocrx_word' id='word_1_211' title='bbox 1443 1523 1612 1564; x_wconf 79' lang='lat' dir='ltr'><strong>viucitur3</strong></span> <span class='ocrx_word' id='word_1_212' title='bbox 1634 1527 1673 1556; x_wconf 89' lang='lat' dir='ltr'><strong>ut</strong></span> <span class='ocrx_word' id='word_1_213' title='bbox 1686 1522 1795 1557; x_wconf 80' lang='lat' dir='ltr'><strong>inter-</strong></span> 
     </span>
     <span class='ocr_line' id='line_1_35' title="bbox 1087 1574 1794 1617; baseline -0.003 -9"><span class='ocrx_word' id='word_1_214' title='bbox 1087 1574 1219 1617; x_wconf 84' lang='lat' dir='ltr'><strong>ficiant,</strong></span> <span class='ocrx_word' id='word_1_215' title='bbox 1242 1574 1471 1608; x_wconf 83' lang='lat' dir='ltr'><strong>interficitur:</strong></span> <span class='ocrx_word' id='word_1_216' title='bbox 1505 1574 1555 1606; x_wconf 86' lang='lat' dir='ltr'><strong>ita</strong></span> <span class='ocrx_word' id='word_1_217' title='bbox 1581 1583 1723 1616; x_wconf 83' lang='lat' dir='ltr'><strong>regnum</strong></span> <span class='ocrx_word' id='word_1_218' title='bbox 1749 1583 1794 1607; x_wconf 84' lang='lat' dir='ltr'><strong>ex</strong></span> 
     </span>
     <span class='ocr_line' id='line_1_36' title="bbox 1089 1624 1795 1661; baseline -0.003 -2"><span class='ocrx_word' id='word_1_219' title='bbox 1089 1626 1208 1659; x_wconf 88' lang='lat' dir='ltr'><strong>diurno</strong></span> <span class='ocrx_word' id='word_1_220' title='bbox 1243 1626 1442 1659; x_wconf 87' lang='lat' dir='ltr'><strong>diuturnum</strong></span> <span class='ocrx_word' id='word_1_221' title='bbox 1471 1624 1630 1659; x_wconf 87' lang='lat' dir='ltr'><strong>efficitur.</strong></span> <span class='ocrx_word' id='word_1_222' title='bbox 1680 1624 1795 1661; x_wconf 76' lang='lat' dir='ltr'><strong>Aliter</strong></span> 
     </span>
     <span class='ocr_line' id='line_1_37' title="bbox 1087 1677 1620 1711; baseline -0.004 0"><span class='ocrx_word' id='word_1_223' title='bbox 1087 1682 1205 1711; x_wconf 82' lang='lat' dir='ltr'><strong>tamen</strong></span> <span class='ocrx_word' id='word_1_224' title='bbox 1219 1679 1254 1710; x_wconf 90' lang='lat' dir='ltr'><strong>in</strong></span> <span class='ocrx_word' id='word_1_225' title='bbox 1268 1677 1359 1710; x_wconf 88' lang='lat' dir='ltr'><strong>notis</strong></span> <span class='ocrx_word' id='word_1_226' title='bbox 1373 1677 1418 1710; x_wconf 80' lang='lat' dir='ltr'><strong>ad</strong></span> <span class='ocrx_word' id='word_1_227' title='bbox 1432 1677 1456 1711; x_wconf 85' lang='lat' dir='ltr'>J</span> <span class='ocrx_word' id='word_1_228' title='bbox 1459 1677 1620 1710; x_wconf 84' lang='lat' dir='ltr'><strong>ustinum.</strong></span> 
     </span>
     <span class='ocr_line' id='line_1_38' title="bbox 1132 1728 1728 1769; baseline -0.005 -6"><span class='ocrx_word' id='word_1_229' title='bbox 1132 1735 1146 1769; x_wconf 61' lang='grc' dir='ltr'><em>τ</em></span> <span class='ocrx_word' id='word_1_230' title='bbox 1171 1729 1238 1763; x_wconf 85' lang='lat' dir='ltr'><strong>An.</strong></span> <span class='ocrx_word' id='word_1_231' title='bbox 1253 1729 1304 1762; x_wconf 91' lang='lat' dir='ltr'><strong>M.</strong></span> <span class='ocrx_word' id='word_1_232' title='bbox 1321 1731 1419 1764; x_wconf 79' lang='lat'><strong>2053.</strong></span> <span class='ocrx_word' id='word_1_233' title='bbox 1456 1728 1539 1762; x_wconf 86' lang='lat' dir='ltr'><strong>Ant.</strong></span> <span class='ocrx_word' id='word_1_234' title='bbox 1556 1728 1728 1762; x_wconf 66' lang='lat' dir='ltr'><strong>cti-2⁰0⁰.</strong></span> 
     </span>
    </p>
   </div>
   <div class='ocr_carea' id='block_1_11' title="bbox 923 2037 1186 2081">
    <p class='ocr_par' dir='ltr' id='par_1_11' title="bbox 923 2037 1186 2081">
     <span class='ocr_line' id='line_1_39' title="bbox 923 2037 1186 2081; baseline -0.004 -1"><span class='ocrx_word' id='word_1_235' title='bbox 923 2037 1064 2081; x_wconf 87' lang='lat' dir='ltr'><strong>CAP.</strong></span> <span class='ocrx_word' id='word_1_236' title='bbox 1100 2038 1186 2081; x_wconf 91' lang='lat' dir='ltr'><strong>IV.</strong></span> 
     </span>
    </p>
   </div>
   <div class='ocr_carea' id='block_1_12' title="bbox 831 2174 1284 2219">
    <p class='ocr_par' dir='ltr' id='par_1_12' title="bbox 831 2174 1284 2219">
     <span class='ocr_line' id='line_1_40' title="bbox 831 2174 1284 2219; baseline -0.002 -1"><span class='ocrx_word' id='word_1_237' title='bbox 831 2174 917 2218; x_wconf 92' lang='lat' dir='ltr'><strong>DE</strong></span> <span class='ocrx_word' id='word_1_238' title='bbox 948 2175 1284 2219; x_wconf 86' lang='lat' dir='ltr'><strong>AVARITIA.</strong></span> 
     </span>
    </p>
   </div>
   <div class='ocr_carea' id='block_1_13' title="bbox 343 2304 889 2435">
    <p class='ocr_par' dir='ltr' id='par_1_13' title="bbox 343 2304 889 2435">
     <span class='ocr_line' id='line_1_41' title="bbox 347 2304 889 2341; baseline 0 -1"><span class='ocrx_word' id='word_1_239' title='bbox 347 2311 364 2340; x_wconf 92' lang='lat'>1</span> <span class='ocrx_word' id='word_1_240' title='bbox 387 2306 441 2340; x_wconf 88' lang='lat' dir='ltr'><strong>M.</strong></span> <span class='ocrx_word' id='word_1_241' title='bbox 457 2304 574 2338; x_wconf 87' lang='lat' dir='ltr'><strong>Crassi</strong></span> <span class='ocrx_word' id='word_1_242' title='bbox 588 2307 627 2337; x_wconf 93' lang='lat' dir='ltr'><strong>et</strong></span> <span class='ocrx_word' id='word_1_243' title='bbox 641 2305 684 2340; x_wconf 81' lang='lat' dir='ltr'><strong>Q.</strong></span> <span class='ocrx_word' id='word_1_244' title='bbox 698 2306 889 2341; x_wconf 88' lang='lat' dir='ltr'><strong>Hortensii.</strong></span> 
     </span>
     <span class='ocr_line' id='line_1_42' title="bbox 343 2349 848 2392; baseline 0 -9"><span class='ocrx_word' id='word_1_245' title='bbox 343 2354 365 2383; x_wconf 89' lang='lat'>2</span> <span class='ocrx_word' id='word_1_246' title='bbox 389 2350 433 2383; x_wconf 85' lang='lat' dir='ltr'><strong>Q.</strong></span> <span class='ocrx_word' id='word_1_247' title='bbox 447 2349 556 2383; x_wconf 84' lang='lat' dir='ltr'><strong>Cassii</strong></span> <span class='ocrx_word' id='word_1_248' title='bbox 571 2350 718 2391; x_wconf 83' lang='lat' dir='ltr'><strong>Longini</strong></span> <span class='ocrx_word' id='word_1_249' title='bbox 733 2359 848 2392; x_wconf 89' lang='lat' dir='ltr'><strong>propr.</strong></span> 
     </span>
     <span class='ocr_line' id='line_1_43' title="bbox 346 2389 676 2435; baseline 0 -10"><span class='ocrx_word' id='word_1_250' title='bbox 346 2397 366 2425; x_wconf 81' lang='grc'>3</span> <span class='ocrx_word' id='word_1_251' title='bbox 391 2394 429 2427; x_wconf 87' lang='lat' dir='ltr'><strong>L.</strong></span> <span class='ocrx_word' id='word_1_252' title='bbox 446 2389 676 2435; x_wconf 85' lang='lat' dir='ltr'><strong>Septimuleii.</strong></span> 
     </span>
    </p>
   </div>
   <div class='ocr_carea' id='block_1_14' title="bbox 1146 2316 1672 2412">
    <p class='ocr_par' dir='ltr' id='par_1_14' title="bbox 1146 2316 1672 2412">
     <span class='ocr_line' id='line_1_44' title="bbox 1342 2316 1517 2341; baseline 0 -1"><span class='ocrx_word' id='word_1_253' title='bbox 1342 2316 1517 2341; x_wconf 70' lang='lat' dir='ltr'><strong>Ex&#39;rnnnr.</strong></span> 
     </span>
     <span class='ocr_line' id='line_1_45' title="bbox 1146 2368 1672 2412; baseline 0 -11"><span class='ocrx_word' id='word_1_254' title='bbox 1146 2368 1331 2401; x_wconf 83' lang='lat' dir='ltr'><strong>Ptolemaei</strong></span> <span class='ocrx_word' id='word_1_255' title='bbox 1346 2369 1551 2412; x_wconf 87' lang='lat' dir='ltr'><strong>Cypriorum</strong></span> <span class='ocrx_word' id='word_1_256' title='bbox 1568 2368 1672 2411; x_wconf 82' lang='lat' dir='ltr'><strong>regis.</strong></span> 
     </span>
    </p>
   </div>
   <div class='ocr_carea' id='block_1_15' title="bbox 382 2512 1787 2567">
    <p class='ocr_par' dir='ltr' id='par_1_15' title="bbox 382 2512 1787 2567">
     <span class='ocr_line' id='line_1_46' title="bbox 382 2512 1787 2567; baseline -0.003 -9"><span class='ocrx_word' id='word_1_257' title='bbox 382 2515 778 2558; x_wconf 74' lang='lat' dir='ltr'><strong>PROTRAHATUR</strong></span> <span class='ocrx_word' id='word_1_258' title='bbox 817 2515 952 2558; x_wconf 85' lang='lat' dir='ltr'><strong>etiam</strong></span> <span class='ocrx_word' id='word_1_259' title='bbox 967 2519 979 2538; x_wconf 86' lang='lat'>¹</span> <span class='ocrx_word' id='word_1_260' title='bbox 1025 2515 1230 2566; x_wconf 85' lang='lat' dir='ltr'><strong>avaritia,</strong></span> <span class='ocrx_word' id='word_1_261' title='bbox 1264 2515 1498 2557; x_wconf 86' lang='lat' dir='ltr'><strong>latentium</strong></span> <span class='ocrx_word' id='word_1_262' title='bbox 1531 2512 1787 2567; x_wconf 82' lang='lat' dir='ltr'><strong>indagatrix</strong></span> 
     </span>
    </p>
   </div>
   <div class='ocr_carea' id='block_1_16' title="bbox 938 2623 1154 2637">
    <p class='ocr_par' dir='ltr' id='par_1_16' title="bbox 938 2623 1154 2637">
     <span class='ocr_line' id='line_1_47' title="bbox 938 2623 1154 2637; baseline 0 495"><span class='ocrx_word' id='word_1_263' title='bbox 938 2623 1154 2637; x_wconf 95' lang='lat' dir='ltr'><strong> </strong></span> 
     </span>
    </p>
   </div>
   <div class='ocr_carea' id='block_1_17' title="bbox 1155 2623 1176 2638">
    <p class='ocr_par' dir='ltr' id='par_1_17' title="bbox 1155 2623 1176 2638">
     <span class='ocr_line' id='line_1_48' title="bbox 1155 2623 1176 2638; baseline 0 0"><span class='ocrx_word' id='word_1_264' title='bbox 1155 2623 1176 2638; x_wconf 61' lang='grc' dir='ltr'><em>Ο</em></span> 
     </span>
    </p>
   </div>
   <div class='ocr_carea' id='block_1_18' title="bbox 327 2687 1785 2776">
    <p class='ocr_par' dir='ltr' id='par_1_18' title="bbox 327 2687 1785 2776">
     <span class='ocr_line' id='line_1_49' title="bbox 371 2687 1785 2731; baseline 0 -11"><span class='ocrx_word' id='word_1_265' title='bbox 371 2692 388 2721; x_wconf 83' lang='grc'>1</span> <span class='ocrx_word' id='word_1_266' title='bbox 412 2689 627 2721; x_wconf 73' lang='lat' dir='ltr'><strong>Protrahatur</strong></span> <span class='ocrx_word' id='word_1_267' title='bbox 639 2689 736 2722; x_wconf 83' lang='lat' dir='ltr'><strong>etiam</strong></span> <span class='ocrx_word' id='word_1_268' title='bbox 749 2689 783 2722; x_wconf 77' lang='lat' dir='ltr'><strong>in</strong></span> <span class='ocrx_word' id='word_1_269' title='bbox 797 2690 932 2723; x_wconf 82' lang='lat' dir='ltr'><strong>medium</strong></span> <span class='ocrx_word' id='word_1_270' title='bbox 955 2700 1042 2723; x_wconf 87' lang='lat' dir='ltr'><strong>unus</strong></span> <span class='ocrx_word' id='word_1_271' title='bbox 1069 2689 1196 2722; x_wconf 84' lang='lat' dir='ltr'><strong>Brand.</strong></span> <span class='ocrx_word' id='word_1_272' title='bbox 1223 2689 1351 2731; x_wconf 86' lang='lat' dir='ltr'><strong>Ultraj.</strong></span> <span class='ocrx_word' id='word_1_273' title='bbox 1377 2692 1409 2722; x_wconf 86' lang='lat'><strong>1.</strong></span> <span class='ocrx_word' id='word_1_274' title='bbox 1432 2688 1555 2722; x_wconf 88' lang='lat' dir='ltr'><strong>Leidd.</strong></span> <span class='ocrx_word' id='word_1_275' title='bbox 1576 2692 1606 2721; x_wconf 89' lang='lat'><strong>1.</strong></span> <span class='ocrx_word' id='word_1_276' title='bbox 1622 2691 1655 2720; x_wconf 83' lang='lat'><strong>2.</strong></span> <span class='ocrx_word' id='word_1_277' title='bbox 1679 2687 1785 2720; x_wconf 88' lang='lat' dir='ltr'><strong>Aldd.</strong></span> 
     </span>
     <span class='ocr_line' id='line_1_50' title="bbox 327 2732 1784 2776; baseline -0.001 -12"><span class='ocrx_word' id='word_1_278' title='bbox 327 2732 436 2766; x_wconf 81' lang='lat' dir='ltr'><strong>Colin.</strong></span> <span class='ocrx_word' id='word_1_279' title='bbox 451 2732 584 2774; x_wconf 86' lang='lat' dir='ltr'><strong>Gryph.</strong></span> <span class='ocrx_word' id='word_1_280' title='bbox 601 2737 637 2766; x_wconf 86' lang='lat' dir='ltr'><strong>et</strong></span> <span class='ocrx_word' id='word_1_281' title='bbox 654 2733 775 2776; x_wconf 71' lang='lat' dir='ltr'><strong>Steph.</strong></span> <span class='ocrx_word' id='word_1_282' title='bbox 787 2733 824 2766; x_wconf 85' lang='lat' dir='ltr'><strong>in</strong></span> <span class='ocrx_word' id='word_1_283' title='bbox 836 2734 971 2767; x_wconf 80' lang='lat' dir='ltr'><strong>medium</strong></span> <span class='ocrx_word' id='word_1_284' title='bbox 996 2733 1106 2767; x_wconf 79' lang='lat' dir='ltr'><strong>ceteri</strong></span> <span class='ocrx_word' id='word_1_285' title='bbox 1131 2732 1232 2766; x_wconf 87' lang='lat' dir='ltr'><strong>codd.</strong></span> <span class='ocrx_word' id='word_1_286' title='bbox 1259 2743 1335 2765; x_wconf 87' lang='lat' dir='ltr'><strong>cum</strong></span> <span class='ocrx_word' id='word_1_287' title='bbox 1351 2733 1431 2765; x_wconf 84' lang='lat' dir='ltr'><strong>Vet.</strong></span> <span class='ocrx_word' id='word_1_288' title='bbox 1447 2733 1545 2774; x_wconf 88' lang='lat' dir='ltr'><strong>Mog.</strong></span> <span class='ocrx_word' id='word_1_289' title='bbox 1561 2732 1703 2765; x_wconf 84' lang='lat' dir='ltr'><strong>Venett.</strong></span> <span class='ocrx_word' id='word_1_290' title='bbox 1719 2732 1784 2763; x_wconf 82' lang='lat' dir='ltr'><strong>&amp;e.</strong></span> 
     </span>
    </p>
   </div>
  </div>
 </body>
</html>
