1878 3132
279 174 364 217 760
673 166 879 222 vALnRil
917 191 1111 223 MAXIM!
1148 194 1245 226 mn.
1273 196 1380 227 vm.

880 385 1018 429 CAP.
1052 387 1162 430 VII.

562 507 648 549 DE
679 507 924 551 STUDIO
967 509 1048 552 ET
1079 509 1462 556 INDUSTRIA.

488 649 742 674 ROMANORUM.
1060 646 1080 675 4
1106 643 1301 676 Democriti
1318 643 1507 680 Abderitae.

296 703 313 732 1
340 699 389 732 M.
408 700 550 732 Catonis
566 700 717 742 majoris.
1058 691 1078 718 ⁵
1103 687 1291 720 carneadis
1306 689 1480 730 cyrenaei'
1522 732 1542 741 ..

293 747 314 776 2
336 743 385 776 M·
402 743 542 776 Catonis
559 744 746 776 Uticensis·
1057 732 1078 761 6
1101 729 1318 772 Anaxagorae
1336 733 1558 766 Clazomenii.

293 790 312 819 3
336 787 387 819 M.
397 787 550 819 Terentii
566 787 744 819 Varronis.
1057 776 1076 805 ⁷
1101 773 1318 825 Afflhi'Pedis
1329 775 1516 828 Syrflcuffii·

292 834 313 863 4
336 830 375 862 c·
393 830 484 862 Livii
502 830 620 863 Drusi·
1055 819 1075 848 8
1099 817 1252 850 Socratis
1268 817 1507 852 Atheniensis.

292 877 312 905 5
336 873 437 905 Pauli
451 873 621 906 senatoris
642 878 679 906 et
693 873 811 907 Pontii
833 874 935 917 Lupi.
1054 862 1076 891 9
1098 859 1263 912 1⁸⁰³&ss
1275 860 1508 914 ‚Atheniemffiffl

250 935 253 938 Α
292 919 313 948 6
336 916 450 948 Crassi
470 917 636 950 Muciani·
1035 906 1076 935 10
1099 903 1285 946 Chrysippi
1300 906 1494 940 Tarsensis.

290 962 311 991 ⁷
335 961 379 995 Q·
395 960 515 993 Roscii
525 960 683 993 comoedi.
1034 949 1073 978 ll
1099 947 1277 980 Cleanthis
1295 947 1398 981 Assii.

1034 991 1075 1021 12
1098 989 1277 1032 Sophoclis
1288 991 1527 1026 Atheniensis.

463 1036 737 1061 nxrnnnonum.
1033 1034 1074 1064 13
1097 1033 1281 1066 Simonidis
1297 1035 1382 1068 Ceii.

291 1081 308 1111 1
334 1078 581 1112 Demosthenis
605 1079 834 1113 Atheniensis.
1033 1078 1075 1108 14
1096 1076 1230 1109 ΒΟΙΟΠῙΒ
1246 1077 1481 1112 Atheniensis·

288 1124 309 1156 2
332 1122 541 1164 Pythagorae
552 1123 668 1156 Samii,
1033 1122 1073 1150 15
1097 1120 1338 1154 Themistoclis
1353 1121 1591 1156 Atheniensis.

287 1168 308 1197 3
332 1165 488 1199 Platonis
502 1165 738 1200 Atheniensis,
1034 1164 1075 1194 16
1098 1162 1179 1206 Cyri
1194 1168 1231 1197 et
1245 1165 1473 1208 Mithridatia,
1487 1175 1621 1209 regum·

323 1291 463 1344 QUID
485 1305 612 1335 cesso
632 1292 752 1335 vires
773 1291 1008 1335 industriae
1031 1298 1407 1339 commemorare?
1441 1297 1573 1353 cujus
1593 1297 1733 1340 alacri

266 1360 427 1415 spiritu
446 1361 615 1403 militiae
636 1361 860 1416 stipendia
880 1361 1166 1405 roborantur:
1195 1362 1389 1407 forensis
1410 1365 1552 1419 gloria
1581 1378 1736 1408 accen-

266 1429 408 1472 ditur:
440 1429 530 1472 fido
564 1429 664 1471 sinu
699 1433 860 1472 cuncta
897 1429 1053 1474 studia
1086 1437 1269 1487 recepta
1299 1434 1579 1478 nutriuntur:
1607 1422 1735 1489 quic—

267 1499 373 1554 quid
395 1499 560 1550 animo,
598 1498 816 1554 quicquid
845 1511 992 1551 manu,
1031 1500 1248 1556 quicquid
1280 1502 1435 1557 lingua
1472 1502 1734 1545 admirabile

265 1571 347 1618 est,
376 1568 432 1610 ad
461 1567 682 1610 cumulum
712 1567 861 1609 laudis
893 1567 1166 1623 perducitur.
1229 1568 1345 1622 Quae
1378 1585 1477 1614 cum
1501 1572 1735 1627 perfectis-

265 1636 380 1678 sima
400 1636 460 1679 sit
479 1636 635 1688 virtus,
656 1636 918 1679 duramento
940 1637 1012 1679 sui
1032 1638 1351 1682 confirmatur!
1365 1645 1377 1665 ¹

324 1705 364 1747 1.
394 1704 508 1748 Cato
528 1709 710 1748 sextum
731 1709 777 1747 et
796 1707 1127 1761 octogesimum
1141 1712 1158 1732 ²
1188 1721 1355 1751 annum
1376 1720 1529 1763 agens,
1562 1706 1668 1750 dum
1687 1707 1734 1761 in

263 1774 494 1830 republica
514 1774 681 1816 tuenda
691 1774 881 1830 juvenili
902 1775 1052 1818 animo
1068 1781 1254 1830 perstat,
1272 1778 1330 1820 ab
1346 1775 1534 1819 inimicis
1547 1775 1734 1832 capitali

264 1843 447 1887 crimine
469 1847 724 1899 accusatus,
746 1856 876 1886 suam
896 1856 1077 1887 causam
1098 1845 1222 1899 egit?
1282 1846 1444 1901 Neque
1468 1846 1546 1887 aut
1562 1856 1731 1889 memo·

306 1981 322 1996 ‘¹
335 1975 417 2008 Eam
428 1978 544 2014 tamen,
558 1976 631 2008 dum
644 1975 714 2018 ipsa
726 1979 904 2018 perseverat
919 1948 1011 2046 'ongo
1028 1979 1178 2018 tempore,
1193 1975 1425 2009 diuturniorem
1439 1975 1558 2009 reddit.

875 2072 1115 2086 ΟΟΙΟΙΙΟΙΟΟόΟ

308 2141 326 2171 1
351 2138 407 2171 Sic
432 2138 543 2171 edidit
564 2139 709 2172 'ron-en.
738 2149 781 2172 ex
811 2140 892 2173 edd.
925 2145 1011 2175 vett.
1037 2152 1114 2174 cum
1156 2141 1254 2182 Pigh.
1278 2141 1404 2182 aliique
1431 2140 1626 2173 dedissent:
1661 2150 1731 2173 eam

263 2186 369 2215 tamen
393 2183 424 2213 d.
447 2192 474 2214 s.
497 2182 674 2225 confirmat,
695 2183 782 2215 utin
801 2183 931 2217 Cauch.
947 2185 1068 2227 Camp.
1083 2184 1222 2217 Winck.
1245 2194 1312 2216 uno
1339 2184 1470 2216 Brand.
1494 2188 1531 2216 et
1556 2184 1682 2226 Ultraj.
1699 2187 1730 2216 l.

262 2235 350 2258 unus
368 2229 473 2267 atque
489 2225 571 2257 item
589 2227 675 2257 alter
690 2227 830 2260 Torren.
854 2228 1030 2270 confirmat.
1077 2228 1211 2261 Gudins
1227 2228 1318 2270 conj.
1345 2238 1382 2260 ea
1406 2231 1512 2260 tamen
1528 2228 1558 2259 d.
1576 2237 1603 2260 s.
1617 2227 1729 2269 confir-

262 2271 389 2306 matum
411 2268 617 2301 Torrenius:
641 2272 743 2301 tamen
757 2271 790 2302 d.
811 2280 836 2302 s.
852 2272 1065 2313 confirmatur,
1086 2272 1210 2303 omisso
1227 2273 1372 2303 eam—2
1394 2270 1499 2302 Multi
1526 2270 1627 2303 codd.
1650 2271 1731 2306 Tor·

263 2322 339 2346 reno
357 2312 621 2354 octuagesimum.-
656 2313 758 2344 multi
785 2314 901 2356 etiam,
929 2316 1033 2347 animo
1059 2318 1213 2357 proestat:
1247 2314 1372 2356 Copes.
1398 2314 1433 2346 in
1460 2313 1553 2356 Reip.
1584 2313 1730 2347 libertate

921 2411 1063 2445 No'rAE

303 2498 319 2515 ²
340 2493 440 2525 Suam
468 2501 590 2524 causam
619 2492 701 2535 egit]
748 2493 804 2525 De
833 2493 966 2526 Catone
1019 2504 1087 2526 non
1104 2494 1198 2536 prius
1215 2498 1370 2526 attamen
1398 2493 1526 2524 clarius
1558 2491 1662 2525 fnisse
1689 2493 1725 2526 in

262 2544 394 2577 Plinius
410 2545 468 2577 lib.
485 2554 552 2578 vn.
567 2554 598 2577 c.
614 2547 668 2578 27.
711 2546 721 2563 ⁴
735 2545 822 2578 Cato
835 2545 964 2587 primus
1017 2544 1182 2586 Scipione
1197 2544 1378 2576 AEmiliano
1394 2542 1565 2574 videntur.
1600 2542 1727 2586 Itaque

261 2596 396 2628 Porciae
409 2595 520 2638 gentis
536 2600 606 2628 tres
620 2605 766 2628 summas
781 2596 814 2628 in
829 2596 964 2629 homine
1020 2596 1065 2627 sit
1082 2595 1254 2637 proprium
1272 2593 1412 2626 Catonis
1435 2597 1558 2635 quater
1584 2598 1621 2626 et
1640 2604 1725 2636 qua-

263 2657 316 2678 res
334 2647 540 2689 praestitisse
550 2646 763 2679 existimatus
779 2651 854 2687 est3
876 2647 966 2689 opti·
1021 2646 1155 2688 dragies
1178 2655 1317 2678 causam
1341 2644 1491 2685 dixisse3
1529 2654 1593 2677 nec
1618 2655 1723 2688 quen-

263 2708 337 2729 mus
354 2697 495 2737 Orator,
506 2697 652 2739 optimus
664 2697 870 2739 Imperator,
880 2698 967 2740 opti·
1021 2707 1122 2740 quam
1137 2697 1262 2738 saepius
1285 2696 1508 2739 postulatum,
1526 2700 1562 2729 et
1585 2705 1721 2739 semper

262 2758 335 2780 mus
348 2748 515 2780 Senator:
532 2757 607 2790 quae
620 2747 700 2781 mihi
709 2748 823 2782 omnia
832 2748 967 2782 etiamsi
1023 2746 1237 2781 absolutum.'
