1878 3132
542 598 1204 661 FRAGMENTUM

313 784 585 837 LIBRI
661 787 784 838 DE
857 789 1420 847 NOMINIBUS

414 951 503 986 QUI
526 951 582 986 IN
605 952 896 988 QUIBUSDAM
927 955 1077 989 CODD.
1105 957 1326 991 TITULUM

549 1115 791 1166 LIBRI
860 1118 1182 1169 DECIMI

747 1297 1003 1329 PRAEF'ER'I'.

263 1606 318 1650 C.
359 1607 496 1651 ΤΙΤΙ
542 1608 742 1653 PROBI
788 1611 862 1654 IN
910 1611 1252 1656 EPITOMEN
1297 1613 1478 1657 SUAM

695 1689 1059 1735 PRAEFATIO.

134 1765 393 1827 Dncmus
424 1784 561 1841 hujus
594 1787 744 1842 operis
773 1788 904 1842 liber,
933 1790 1012 1846 qui
1047 1794 1090 1833 et
1121 1791 1307 1834 ultimus
1339 1798 1425 1844 est,
1446 1792 1520 1835 vel
1550 1806 1612 1836 ex

130 1853 402 1909 negligentia
422 1859 501 1897 aut
531 1856 851 1901 malevolentia
870 1859 1154 1902 librariorum
1174 1860 1379 1917 deperiit.
1437 1860 1612 1905 Abbre-

132 1923 277 1966 viator
295 1923 453 1966 titulos
481 1923 578 1980 ejus
605 1925 800 1970 habebat
818 1928 984 1983 integre
1002 1929 1240 1973 fortassis:
1271 1935 1423 1974 tamen
1444 1932 1500 1974 de
1520 1946 1611 1977 uno

132 1996 320 2044 tantum,
340 1992 428 2035 hoc
448 1997 534 2047 est,
555 1993 609 2036 de
628 1997 922 2051 praenomine,
943 1999 1147 2054 epitoma
1165 2003 1531 2056 repraesentabat.

594 2126 752 2190 ALIA
784 2129 1151 2175 PRAEFATIO.

193 2225 432 2269 DECIMUS
454 2230 589 2283 atque
609 2228 793 2272 ultimus
813 2229 948 2286 hujus
968 2232 1120 2287 operis
1146 2231 1262 2275 liber
1282 2246 1364 2276 seu
1386 2232 1610 2276 studioso-

132 2309 231 2338 rum
250 2296 429 2347 inertia,
450 2309 531 2340 seu
560 2299 827 2355 scriptorum
855 2302 1066 2355 segnitia,
1100 2315 1178 2346 seu
1198 2302 1289 2346 alio
1311 2303 1477 2358 quovis
1499 2315 1612 2345 casu

133 2365 257 2407 aetati
277 2369 443 2409 nostrae
463 2366 669 2428 perditus
688 2373 772 2412 est.
830 2369 1001 2414 Verum
1031 2371 1185 2415 Julius
1221 2372 1353 2415 Paris
1375 2373 1612 2415 abbrevia-

132 2439 203 2476 tor
222 2433 399 2478 Valerii
419 2440 524 2491 post
538 2450 698 2480 novem
718 2439 860 2482 libros
875 2441 1138 2496 explicitos,
1149 2441 1268 2484 hunc
1290 2441 1509 2485 decimum
1526 2443 1610 2484 sub

130 2503 248 2547 infra
267 2505 438 2560 scripto
458 2506 726 2562 compendio
746 2510 1015 2564 complexus
1035 2515 1106 2552 est
1122 2524 1134 2564 ;
1155 2524 1236 2566 per
1254 2510 1379 2566 quod
1398 2510 1452 2552 de
1468 2511 1611 2553 nomi-

131 2572 278 2625 nibus,
297 2575 666 2636 praenominibus,
686 2580 1048 2632 cognominibus,
1064 2583 1197 2635 atque
1209 2581 1523 2635 agnominibus
1542 2580 1611 2622 fu-

131 2642 222 2685 isse
241 2642 433 2686 eundem
455 2657 483 2686 a
498 2643 684 2689 Valerio
700 2648 1003 2703 compositum
1024 2649 1267 2705 conjectari
1288 2649 1410 2692 licet.
1452 2648 1611 2692 Verba

133 2711 321 2767 quidem
335 2710 367 2755 J
369 2712 451 2755 ulii
469 2712 650 2757 Paridis
670 2715 770 2759 haec
789 2721 908 2760 sunt.
967 2718 1105 2762 Liber
1127 2718 1342 2762 Decimus
1359 2718 1414 2761 de
1434 2730 1611 2774 praeno-

132 2781 340 2832 minibus,
358 2786 404 2823 et
424 2781 661 2825 similibus,
