1878 3132
587 198 694 230 me.
721 197 793 228 ιιι.
827 196 891 228 nn
927 195 1185 227 ineamus.
1543 181 1633 225 537

152 301 349 358 patriam
369 311 509 350 amor,
523 309 667 354 neque
683 297 808 351 leges
829 294 1082 336 salutariter
1092 292 1128 324 4⁸
1161 292 1437 346 excogitatae
1457 292 1632 336 auxilio

154 384 256 414 esse
277 372 529 426 potuerunt,
553 379 645 422 quo
666 365 815 408 minus
834 363 1026 406 infestos
1044 362 1166 404 cives
1185 362 1478 417 experiretur.
1538 361 1636 406 Sae-

153 454 213 496 pe
232 440 350 483 enim
380 437 612 495 lapidibus
641 434 832 491 petitus»,
855 431 1100 489 aliquando
1130 431 1282 473 furore
1311 431 1497 486 publico
1517 431 1636 488 ejec-

154 515 246 561 tuS‚
266 510 405 553 etiam
426 508 630 565 privatus
647 510 685 538 4⁹
715 504 880 555 oculo,²³
909 502 966 545 ad
995 502 1203 544 ultimum
1233 501 1339 556 ipsa
1368 501 1520 556 patria
1537 502 1638 557 pul-

155 593 234 622 sus
263 578 389 622 est.¹‡
450 575 573 630 Quid
604 574 707 617 aliae
733 573 949 616 faciant⁵0
977 572 1125 622 urbeS‚
1145 571 1227 613 ubi
1257 570 1395 613 etiam
1416 570 1512 622 illa,
1535 583 1636 626 quae

156 648 440 699 constantiae,
459 652 505 690 et
523 642 863 694 moderationis,
879 645 922 684 et
942 641 1177 697 gravitatis
1197 640 1412 683 eximiam
1432 640 1519 682 sibi
1541 639 1639 682 lau-

154 718 260 761 dem
280 717 500 769 vindicat,
522 722 614 759 tam
635 715 813 769 ingrata
833 712 1051 755 adversus
1083 715 1173 754 tam
1191 711 1308 753 bene
1329 709 1539 752 meritum
1558 721 1639 752 ex-

156 787 248 830 titit
262 787 282 829 'l

214 857 258 900 8.
292 856 490 899 Detrahe
512 854 866 898 Atheniensibus
895 851 1104 894 Thesea:
1135 849 1289 901 nullae,
1319 853 1399 892 aut
1427 861 1519 892 non
1547 851 1641 891 tam

158 925 294 968 clarae
335 924 527 967 Athenae
567 926 724 976 erunt;
765 920 986 978 siquidem
1027 920 1101 962 ille
1140 920 1328 962 locatim
1344 924 1377 950 ⁵¹
1409 918 1642 974 dispersos

157 995 280 1037 cives
315 1007 423 1037 suos
463 994 510 1035 in
550 1006 684 1036 unam
718 992 871 1034 urbem
887 994 923 1021 ⁵²
954 989 1196 1040 contraxit,
1233 987 1564 1044 separatimque
1596 989 1643 1029 et

159 1064 322 1118 agresti
341 1077 467 1106 more
488 1062 658 1105 viventi
682 1061 857 1117 populo
888 1059 1184 1115 amplissimae
1206 1058 1403 1101 civitatis
1421 1057 1643 1100 formam*

781 1182 1021 1197 ”emo

160 1265 291 1308 aliquot
306 1265 453 1298 Torren.
475 1275 605 1297 summoe
618 1262 798 1304 sinceritas,
816 1262 871 1294 vel
887 1261 1055 1294 sinceritas
1066 1262 1296 1293 summm—48
1319 1259 1378 1293 Ita
1404 1269 1448 1292 ex
1470 1259 1572 1293 codd.
1593 1269 1646 1293 re-

160 1309 276 1342 stitnit
293 1309 449 1351 Pighius,
467 1309 584 1352 itaque
600 1308 703 1341 codd.
715 1308 861 1339 Torren.
878 1315 957 1338 cnm
977 1305 1054 1338 Vet.
1070 1309 1106 1337 et
1126 1305 1222 1348 Mog.
1240 1309 1344 1337 antea
1368 1303 1538 1336 edebatur
1559 1305 1646 1337 salu·

160 1353 284 1391 briter,-
312 1353 403 1396 quod
419 1352 454 1385 in
472 1352 616 1386 Leid.l.
634 1352 834 1384 exten—49
858 1350 983 1391 Copes.
1010 1349 1142 1381 Medic.
1166 1352 1197 1381 1.
1221 1353 1259 1381 et
1285 1349 1387 1380 unius
1412 1347 1512 1380 Leid.
1527 1347 1645 1387 surore

159 1396 276 1437 effectus
287 1397 424 1439 publico,
436 1395 551 1436 furore
577 1396 673 1428 etiam
699 1396 847 1436 privato.-
873 1394 970 1426 Leid.
986 1395 1018 1425 2.
1041 1393 1146 1434 aliqua
1162 1392 1278 1433 ejectus
1299 1391 1415 1431 furore
1441 1391 1576 1433 publico,
1587 1391 1647 1431 fu·

159 1450 231 1473 rore
246 1441 342 1473 etiam
356 1441 507 1482 privato,-
532 1439 629 1472 Leid.
653 1440 767 1471 alter:
791 1437 958 1479 aliquando
981 1436 1094 1478 surore
1120 1436 1235 1476 ejectus
1257 1436 1394 1478 publico,
1416 1436 1514 1468 etiam
1529 1435 1647 1476 furore

158 1484 324 1526 μήπάνυ
345 1484 477 1526 Ultraj.
495 1487 525 1516 1.
543 1494 619 1516 cum
637 1483 717 1515 Vet.
725 1481 840 1522 furore
853 1482 968 1521 eiectus
981 1481 1103 1522 publico
1118 1481 1214 1512 etiam
1227 1480 1386 1521 privatus,
1407 1480 1532 1512 omisso
1547 1480 1646 1517 oculo,

161 1527 253 1571 quod
267 1534 303 1560 et
321 1527 355 1560 in
369 1528 445 1560 aliis
462 1532 611 1571 quatuor
627 1526 738 1559 deest.
787 1526 839 1556 Ex
856 1524 954 1557 libris
967 1534 1050 1566 ergo
1068 1524 1150 1556 nihil
1164 1524 1295 1556 auxilii.
1323 1524 1511 1556 Torrenins
1528 1528 1647 1556 autem

161 1573 250 1604 scite.
274 1571 444 1614 conjicit:
469 1571 637 1613 aliquando
653 1570 730 1609 soro
754 1569 872 1610 ejectus
890 1568 1005 1608 furore
1029 1567 1164 1609 publico,
1187 1567 1286 1599 etiam
1299 1567 1444 1608 privatus
1457 1567 1647 1599 ocium-50

163 1615 274 1648 Codd.
290 1615 444 1647 nonnulli
459 1625 537 1648 cum
553 1616 667 1655 vulgg.
684 1613 811 1654 sacient
823 1624 835 1651 ‚·
858 1612 918 1644 sed
935 1613 1050 1654 plures
1065 1611 1206 1651 faciant,
1223 1616 1261 1643 ut
1275 1610 1475 1643 emendavit
1493 1610 1648 1652 Pighius.

162 1662 247 1691 —51
273 1659 330 1691 Sic
350 1658 459 1700 Lipsii
479 1658 558 1691 libri
585 1663 671 1690 vett.
698 1663 845 1699 uterque
870 1656 1000 1688 Brand.
1024 1665 1143 1687 omnes
1159 1655 1303 1687 Torren.
1321 1660 1358 1687 et
1374 1655 1456 1687 Vet.
1469 1654 1575 1696 idque
1591 1654 1651 1686 de-

163 1700 311 1735 fendunt
325 1702 514 1734 Salmasius
532 1707 570 1734 et
592 1702 794 1740 'Pori-enirm,
817 1700 874 1742 qui
892 1709 976 1731 vero
992 1699 1028 1731 in
1046 1703 1182 1731 textum
1201 1698 1359 1741 recipere
1376 1708 1480 1730 ausus
1496 1708 1566 1730 non
1579 1702 1651 1738 est,

164 1746 245 1788 quia
260 1746 388 1778 locatim
400 1745 482 1778 alibi
498 1755 565 1778 non
582 1745 746 1778 occurrit.
760 1743 890 1776 vicatim
907 1742 1004 1775 Leid.
1028 1753 1048 1774 a
1060 1753 1104 1774 m.
1118 1752 1187 1774 sec.
1203 1741 1308 1775 Aldd.
1320 1742 1438 1776 Chalc.
1455 1741 1551 1785 Lips.
1569 1745 1599 1775 1.
1614 1744 1649 1774 2.

163 1790 274 1831 Lugd.
297 1790 400 1831 Pigh.
427 1790 543 1822 Coler.
570 1789 678 1831 Thys.
693 1789 812 1821 Vorst.
834 1787 960 1828 Delph.
975 1788 1042 1819 &c.
1065 1786 1212 1828 pagatim
1228 1786 1317 1828 conj.
1333 1786 1495 1828 Lipsius:
1521 1785 1649 1818 locatim

164 1833 262 1866 dedit
278 1832 566 1866 Helfrecht.—52
591 1833 719 1875 Copes.
736 1832 826 1864 alter
843 1830 1005 1864 Perizon.
1026 1830 1121 1863 Harl.
1138 1831 1245 1863 Barb.
1260 1830 1392 1862 Medic.
1409 1833 1440 1863 l.
1453 1835 1490 1862 et
1504 1829 1601 1862 Leid.
1618 1832 1647 1862 1.

163 1877 199 1909 in
212 1887 302 1910 suam
317 1877 448 1915 urbem‚-
470 1876 597 1918 Ultraj.
613 1879 641 1910 1.
664 1880 698 1909 2.
723 1881 874 1918 quatuor
896 1874 1020 1906 Leidd.
1046 1873 1180 1906 Medic.
1201 1877 1235 1906 2.
1265 1877 1302 1906 ct
1326 1874 1432 1906 Barb.
1448 1876 1480 1906 1.
1506 1873 1542 1906 in
1561 1883 1649 1905 suam

164 1930 259 1953 unam
274 1921 394 1954 urbem.
439 1921 526 1954 Mox
549 1930 613 1962 pro
638 1920 882 1962 separatimque,
906 1918 1051 1951 Colerus
1067 1928 1111 1950 ex
1130 1928 1198 1950 uno
1215 1919 1308 1951 Dan.
1335 1918 1493 1960 reposuit
1516 1918 1649 1960 passim-

165 1974 237 2014 que,
259 1964 351 2007 quod
381 1964 520 2008 quidem
545 1969 600 1997 est
623 1973 760 2007 quoque
787 1963 822 1995 in
850 1961 953 2013 Leid3
974 1962 1085 2005 quint.
1109 1962 1264 2012 etuinter
1288 1963 1463 1994 variantes
1479 1962 1651 2012 lectiones

166 2007 266 2040 Leid.
293 2012 384 2051 sept.
410 2012 448 2041 at
474 2007 609 2041 Brand.
636 2013 798 2051 uterque,
823 2007 992 2039 tredecim
1014 2006 1185 2048 Terrena,
1199 2006 1285 2039 Vet.
1299 2010 1336 2039 et
1352 2015 1471 2039 omnes
1486 2005 1544 2039 alu
1562 2004 1650 2039 edm

837 2105 982 2140 NOTAE

210 2198 223 2215 ⁸
246 2194 400 2226 Privatus
413 2193 515 2235 oculo]
539 2194 727 2235 Epularum
743 2192 882 2225 modum

168 2245 402 2288 praescripsit3
425 2245 517 2287 quod
546 2255 625 2277 cum
649 2254 742 2287 aegre
766 2245 882 2277 admo-

168 2297 250 2329 dum
265 2295 397 2328 ferrent
414 2295 555 2337 divites,
572 2296 749 2338 Lycurgus
760 2297 794 2328 in
807 2295 883 2329 foro

168 2347 340 2390 lapidibus
370 2347 502 2390 petitus
517 2357 592 2380 sese
616 2348 811 2389 proripuit:
847 2352 884 2381 at

168 2398 336 2441 fugientis
359 2403 460 2441 tergo
484 2399 655 2432 iuhaerens
679 2399 882 2432 adolescens

169 2450 308 2483 nomine
321 2449 535 2490 Alexander,
543 2451 748 2492 respicienti
761 2451 883 2484 baculo

169 2501 325 2534 excussit
351 2502 500 2534 oculum.
559 2502 662 2534 Illum
686 2502 753 2534 sibi
775 2503 883 2536 tradi-

171 2558 245 2585 tum
275 2563 296 2585 a
322 2553 452 2595 populo
477 2562 543 2585 nec
567 2551 666 2586 facto
692 2563 759 2587 nec
775 2554 883 2587 verbo

170 2605 262 2638 laesit
279 2605 471 2646 Lycurgus.

213 2657 225 2678 ⁸
249 2656 367 2688 Pulsus
381 2655 445 2698 ese]
467 2655 547 2689 Nou
562 2655 595 2688 vi
611 2657 730 2698 pulsus
744 2661 810 2698 est,
823 2657 883 2690 sed

172 2705 247 2747 ipse
274 2706 429 2748 Delphos
461 2707 564 2749 petiit
593 2708 813 2740 consulturus
839 2708 885 2741 Α-

173 2757 350 2798 pollinem,
365 2757 636 2800 juramentoque
652 2768 771 2791 omnes
788 2760 883 2793 cives

174 2807 307 2850 adegit,
330 2817 375 2840 ne
393 2808 474 2851 quid
501 2809 546 2842 de
573 2809 705 2851 legibus
727 2814 808 2843 ante
829 2811 881 2853 ip-

937 2191 1006 2225 sius
1021 2201 1217 2233 regressum
1236 2190 1480 2231 immutareut3
1503 2199 1652 2233 cumque

938 2244 1178 2286 respondisset
1205 2244 1397 2285 oraculum,
1414 2247 1453 2275 et
1478 2243 1576 2284 leges
1599 2252 1653 2274 sa·

939 2296 1077 2338 pienter
1091 2295 1282 2336 institutas,
1296 2298 1332 2327 et
1341 2295 1476 2336 urbem,
1487 2294 1655 2337 quamdiu

938 2348 990 2380 his
1016 2347 1150 2389 legibus
1172 2351 1344 2387 uteretur,
1368 2354 1655 2389 permansuram3

938 2399 1130 2441 Lycurgus,
1144 2407 1188 2430 ne
1205 2398 1239 2430 in
1256 2398 1405 2439 patriam
1421 2396 1537 2429 redire
1549 2405 1654 2437 coge-

937 2455 1048 2491 retur,
1069 2454 1215 2483 mortem
1232 2448 1298 2482 sibi
1315 2448 1433 2481 inedia
1447 2448 1632 2481 conscivit.

982 2505 998 2541 x
1022 2501 1091 2534 An.
1110 2502 1159 2534 Μ.
1175 2504 1274 2534 3180.
1311 2500 1397 2533 Ant.
1411 2500 1475 2532 ch.
1488 2502 1565 2533 8⁷3.

981 2558 997 2575 ¹¹
1015 2552 1332 2593 Civitatisformam]
1347 2552 1549 2585 Constituto
1562 2551 1652 2593 Pry-

938 2608 1066 2646 tanaeo,
1084 2606 1179 2636 cives
1208 2604 1243 2636 in
1267 2608 1339 2635 tres
1362 2603 1490 2635 classes
1516 2602 1655 2643 tribuit,

938 2656 1129 2698 Patricius,
1139 2655 1308 2697 Opifices,
1317 2658 1354 2686 et
1367 2652 1548 2696 Agricolas
1559 2664 1572 2694 ς
1584 2654 1652 2686 Pe-

939 2707 1117 2749 triciisque
1139 2715 1259 2740 curam
1282 2704 1454 2739 commisit
1474 2713 1652 2738 sacrorum

939 2764 976 2793 et
990 2760 1118 2802 legum.
