1878 3132
489 215 599 247 cAP.
620 214 686 246 vl.
720 213 786 262 nu
818 202 936 246 iuna
972 214 1205 247 pussch.
1513 201 1601 247 639

114 315 231 359 fides
248 314 449 358 civitatis
470 316 636 357 nostrae
655 310 866 356 liber-affl*
926 309 1088 354 Claros
1109 310 1216 353 illos
1237 310 1411 354 fecerat
1425 315 1601 356 tantum

113 384 309 427 hostium
342 383 502 426 ducem
533 382 706 426 vincire
751 381 1036 438 potuisse3¹0
1085 379 1168 423 sed
1209 380 1353 423 multo
1391 381 1601 425 clariores

112 452 240 505 fecit,
260 453 510 496 noluisse.¹¹

172 523 217 565 3.
249 521 480 565 Adversus
502 520 687 564 eosdem
706 519 864 562 hostes
883 523 917 544 ¹²
948 533 1106 575 parem
1135 518 1268 561 fidem
1286 519 1332 561 in
1358 518 1459 574 jure
1480 519 1602 574 lega-

114 591 249 634 tionis
270 589 430 634 tuendo
451 590 616 633 Patres
645 589 893 646 conscripti
914 589 1171 632 exhibuere.
1232 588 1299 631 M.
1323 588 1439 630 enim
1457 589 1602 631 AEmi-

111 660 176 702 llo
213 658 409 714 Lepido,
458 659 509 702 C.
534 659 760 702 Flaminio
791 658 924 701 Coss.
961 659 1012 701 L.
1035 658 1285 700 Minucium
1317 659 1364 700 et
1394 657 1447 699 L.
1471 657 1603 700 Man-

111 728 223 771 lium
244 727 683 783 Carthaginiensium
720 727 896 782 legatis,
936 728 1044 783 quia
1079 740 1239 769 manus
1258 727 1327 769 his
1348 726 1603 778 attulerant,

112 809 195 853 per
212 796 398 840 feciales
414 795 429 820 f
460 796 678 852 [Claudio
714 800 903 852 praetore
920 801 951 827 ¹³
971 795 1015 849 ⁸]
1058 795 1292 838 dedendos
1314 799 1603 839 curaverunt.

113 866 174 908 Se
205 870 312 908 tunc
341 869 534 918 senatus,
574 879 664 908 non
703 879 783 908 eos
827 866 997 922 quibus
1035 865 1123 908 hoc
1169 865 1484 921 praestabatur,
1531 877 1603 909 as-

111 935 274 991 pexit*

168 1004 212 1046 4.
244 1002 390 1059 Cujus
422 1004 680 1060 exemplum
695 1007 731 1035 ¹4
761 1003 963 1059 superior
995 1002 1240 1046 Africanus
1274 1005 1469 1054 secutus,
1500 1015 1603 1045 cum

113 1077 321 1116 onustam
363 1073 514 1115 multis
564 1076 608 1115 et
658 1071 910 1115 illustribus
928 1074 961 1101 ¹⁵
1014 1070 1455 1125 Carthaginiensium
1495 1072 1604 1114 viris

111 1153 270 1184 navem
297 1141 343 1183 in
365 1154 498 1184 suam
516 1144 784 1197 potestatem
817 1139 1080 1194 redegisset,
1112 1140 1380 1183 inviolatam
1416 1139 1604 1192 dimisit,

114 1210 222 1265 quia
253 1214 330 1253 ‘se
350 1210 529 1266 legatos
562 1210 621 1253 ad
643 1223 746 1252 eum
777 1207 970 1252 missos’
1000 1207 1267 1262 dicebant,¹⁶
1296 1208 1478 1252 tametsi
1510 1205 1604 1251 ma'-

740 1328 984 1342 eeeeeeeeeee

112 1397 200 1430 Mox
215 1405 278 1439 pro
293 1396 459 1430 accidisset
474 1396 606 1429 Medic.
624 1398 656 1430 1.
673 1396 929 1430 evenissem—10
948 1397 1047 1439 Mog.
1062 1401 1099 1430 et
1111 1398 1202 1430 Veu.
1218 1396 1341 1430 vincere
1359 1396 1520 1438 potuisse5
1540 1395 1604 1428 sed

110 1441 231 1474 vincire
256 1441 443 1483 legendum
467 1450 543 1473 esse
570 1441 652 1473 olim
680 1440 769 1473 vidit
794 1442 905 1475 Janns
929 1441 1135 1474 Parrhasius
1158 1446 1249 1474 teste
1265 1441 1475 1482 Theophilo,
1497 1444 1533 1472 et
1552 1440 1604 1472 ita

110 1484 217 1517 habet
228 1482 334 1526 longe
351 1485 467 1526 potior
483 1494 564 1526 pars
580 1483 769 1517 codd.—ll
792 1485 802 1502 ‘
818 1485 959 1527 Guyeto
977 1485 1074 1518 locus
1091 1495 1193 1518 sanus
1211 1495 1278 1517 non
1295 1484 1448 1525 videtur,
1469 1489 1506 1516 et
1522 1493 1606 1515 con-

106 1527 188 1570 jicit
202 1528 262 1561 ille
287 1527 368 1561 ideo
385 1527 620 1570 scribendum,
641 1529 710 1569 vel,
733 1528 768 1560 in
782 1529 910 1560 vincula
932 1530 1045 1562 ducere
1070 1530 1217 1570 noluisse,
1242 1529 1296 1561 vel
1319 1529 1480 1570 captivum
1493 1527 1606 1567 facere

109 1572 255 1604 noluisse.
300 1572 426 1614 Nugae.
470 1570 659 1604 Manifeste
677 1572 767 1603 euim
782 1572 1059 1615 subintelligitur
1085 1573 1227 1605 verbum
1249 1571 1395 1604 vincire?
1415 1572 1604 1603 'rori-en.—

111 1618 155 1648 12
176 1615 339 1648 Adversus
353 1617 483 1648 eundem
498 1616 618 1647 hostem
644 1615 680 1646 in
703 1616 787 1648 Vet.
833 1616 920 1647 Mox
946 1617 1070 1648 eadem
1099 1626 1176 1648 cum
1193 1617 1311 1648 multis
1329 1614 1433 1648 codd.
1456 1615 1602 1648 Torren.

111 1659 214 1691 Lucio
246 1659 414 1691 Flaminio.
476 1658 610 1691 Eadem
645 1658 962 1700 Carthaginiensium
996 1659 1252 1700 legationi.—13
1289 1659 1300 1677 ⁴
1330 1660 1419 1691 Haec
1450 1658 1556 1691 lectio
1585 1669 1606 1690 a

111 1702 256 1735 Vorstio
270 1706 336 1735 est.
381 1701 525 1744 Pighius
541 1706 579 1735 et
595 1702 740 1735 Colerus
757 1702 927 1735 dederant
945 1703 1042 1735 Culeo
1064 1707 1188 1745 proetor
1202 1713 1243 1736 ex
1258 1702 1295 1736 S.
1315 1703 1355 1735 C.
1381 1703 1537 1735 dedendos
1550 1712 1604 1734 cn-

111 1745 209 1778 ram‘t.
256 1745 324 1778 Sed
340 1754 458 1778 omnes
474 1746 552 1778 libri
568 1750 773 1787 cen-averunt,
798 1746 873 1779 scil.
900 1751 1019 1788 patres
1043 1747 1245 1788 conscripti.
1290 1746 1333 1778 In
1350 1746 1452 1778 nullis
1468 1754 1605 1788 quoque

115 1790 214 1822 Galea
226 1789 415 1830 invenitur,
435 1789 512 1832 ipso
529 1789 655 1832 Pighio
673 1794 779 1832 teste,
801 1789 862 1822 sed
879 1790 934 1822 vel
953 1791 1089 1824 Claudio
1101 1795 1253 1832 pacton,
1275 1790 1332 1822 vel
1361 1790 1497 1822 Claudio
1520 1799 1606 1831 proe-

113 1833 189 1866 tori.
235 1834 318 1866 Duo
343 1833 430 1865 Mss.
459 1833 595 1866 Claudio
621 1837 762 1874 proetore
787 1833 967 1866 omittunt.
1013 1835 1140 1876 Copes.
1162 1844 1221 1876 per
1235 1834 1370 1874 feciales
1391 1834 1509 1866 Patres
1532 1844 1607 1866 con-

111 1877 224 1919 scripti
248 1877 416 1909 dedendos.
461 1877 568 1910 Barb.
585 1877 716 1919 primus
738 1887 798 1918 per
807 1877 944 1918 feciales
963 1877 1003 1909 P.
1021 1878 1064 1911 R.
1080 1879 1246 1910 dedendos.
1292 1876 1382 1909 Mihi
1399 1886 1604 1919 persuasum

113 1924 180 1961 est,
206 1920 340 1953 Claudio
359 1923 498 1963 proetore
520 1929 541 1953 e
566 1920 720 1962 margine
736 1921 771 1953 in
787 1926 926 1954 textum
950 1921 1148 1963 irrepsisse,
1171 1921 1264 1964 quod
1288 1921 1396 1953 etiam
1419 1921 1605 1954 Torrenius

111 1963 326 2006 suspicatur.
373 1964 478 1996 Certe
505 1964 539 1996 in
570 1969 717 2006 utraque
745 1964 800 1997 ed.
826 1964 924 2006 Lips.
951 1969 988 1997 et
1013 1965 1125 2007 Lugd.
1153 1965 1228 1998 liaec
1252 1964 1360 1997 verba
1382 1965 1605 2007 omittuntur,

139 2017 222 2040 nare
254 2008 351 2040 uncis
381 2007 529 2039 inclusi!
552 2008 751 2050 Kapp.—l4
775 2007 834 2041 Sic
860 2008 982 2041 decem
1006 2010 1093 2041 Mss.
1120 2009 1204 2042 Vet.
1228 2009 1324 2050 Mog.
1346 2009 1434 2041 Veu.
1457 2009 1606 2041 Mediol.

145 2055 255 2084 eterae
273 2050 381 2091 Hujus
395 2051 582 2092 exemplum.
627 2051 774 2093 Pighius
796 2051 908 2084 edidit
925 2052 1008 2084 Hoec
1022 2053 1180 2094 exempla,
1205 2061 1269 2094 pro
1294 2051 1419 2092 lubitu,
1442 2057 1481 2084 ut
1501 2052 1606 2094 solet,

114 2103 219 2136 quem
235 2098 366 2127 temere
382 2095 494 2126 secuti
510 2098 590 2127 sunt
605 2095 750 2127 Colerus
765 2099 803 2128 et
818 2096 1077 2128 Vernaus-15
1098 2096 1155 2128 Sic
1173 2096 1245 2128 Bit.
1263 2095 1366 2137 prim.
1381 2095 1478 2128 Leid.
1493 2097 1605 2138 quint.

114 2142 152 2170 et
180 2141 270 2170 sext.
296 2147 374 2170 cum
399 2137 576 2180 plerisque
601 2138 704 2172 editt.
726 2143 813 2171 vett.
861 2140 909 2171 Et
936 2139 1110 2172 illustrium
1124 2139 1205 2172 Vet.
1227 2149 1306 2172 cum
1327 2139 1465 2180 Pighio,
1480 2139 1606 2173 Colero

115 2185 153 2213 et
167 2180 321 2213 Vorstio.
366 2181 464 2223 Mog.
487 2187 525 2214 et
550 2181 644 2215 Ultr.
670 2191 741 2215 sec.
757 2192 799 2215 ex
823 2182 1100 2216 illustrium—16
1123 2182 1215 2216 Edd.
1240 2187 1327 2215 vett.
1352 2183 1454 2215 colon
1470 2189 1606 2225 ponunt

116 2228 198 2258 ante
214 2224 362 2263 tametsi‚·
385 2225 535 2258 mutavit
550 2225 768 2259 Perizonius.
814 2226 900 2259 Mox
923 2227 1096 2269 praeeatis
1112 2225 1213 2260 deest
1231 2226 1268 2260 in
1282 2226 1384 2260 Harl.
1399 2231 1436 2260 et
1451 2226 1553 2261 Leid.
1570 2231 1605 2260 2.

787 2335 932 2371 NOTAE

159 2416 175 2446 †
192 2410 261 2444 An.
277 2411 329 2444 M.
345 2414 444 2444 3798.
466 2411 525 2446 Ol.
542 2414 619 2445 131.
634 2415 665 2446 1.
690 2411 776 2446 urb.
789 2412 830 2447 C.
885 2414 921 2447 in
948 2414 1180 2449 Romanorum
1202 2416 1409 2458 Annalibus,
1435 2416 1487 2448 M.
1507 2416 1605 2448 Clan-

115 2464 192 2495 497.
216 2462 303 2496 Ant.
318 2463 381 2496 Ch.
397 2466 473 2497 255.
725 2468 730 2471 '
885 2465 959 2498 dius
982 2466 1114 2499 Praetor
1136 2468 1375 2510 reponendum
1402 2472 1513 2509 putat.
1559 2467 1606 2499 1¹·

159 2512 173 2534 f
193 2513 351 2555 Feciales]
372 2514 595 2557 Sacerdotes,
610 2515 669 2558 qui
690 2513 831 2548 foederi-
886 2516 952 2550 lius
967 2517 1060 2550 enim
1077 2528 1191 2551 causae
1208 2519 1364 2561 cognitio
1377 2518 1420 2550 ad
1437 2519 1489 2551 M.
1502 2518 1606 2551 Clau·

115 2565 179 2599 bus
193 2565 360 2599 feriendis
381 2572 419 2600 et
444 2567 540 2601 bellis
555 2567 716 2610 legitime
743 2568 831 2601 indi·
887 2569 981 2602 dium
998 2570 1117 2603 delata
1141 2575 1196 2603 est
1222 2571 1287 2603 sub
1313 2570 1479 2603 extremis
1506 2569 1605 2602 Prae-

118 2615 238 2649 cendia
254 2622 442 2659 praeerant.
888 2627 975 2656 turae
1002 2622 1140 2665 diebus,
1158 2624 1232 2665 jam
1258 2623 1386 2656 creatis
1412 2623 1447 2654 in
1477 2632 1605 2656 annum

161 2671 178 2694 ⁸
194 2667 328 2700 Claudio
341 2673 478 2710 pretore
492 2670 560 2713 [M.
576 2670 730 2703 claudius
744 2671 834 2703 Proe·
888 2679 1096 2716 sequentem
1110 2674 1316 2707 Consulibus
1329 2674 1380 2708 M.
1392 2674 1530 2707 AEmilio
1540 2675 1606 2707 Le-

118 2716 185 2758 tor]
210 2717 314 2751 Aliud
338 2720 405 2753 alio
422 2726 581 2764 tempore
597 2732 702 2765 super
716 2723 780 2756 hac
795 2732 833 2756 re
888 2725 972 2768 pido
987 2730 1024 2758 et
1041 2726 1081 2758 C.
1098 2725 1282 2765 Flaminio,
1295 2725 1338 2757 de
1350 2724 1474 2767 quibus
1486 2730 1604 2758 antea.

119 2767 247 2809 Pighio
270 2770 377 2802 visum
402 2776 467 2804 est.
513 2773 555 2805 In
578 2774 671 2807 notis
692 2773 832 2816 quidem
933 2780 949 2815 ξ
967 2775 1034 2809 An.
1050 2776 1102 2808 M.
1118 2778 1217 2809 886⁷.
1241 2776 1298 2808 Ol.
1317 2778 1391 2809 148.
1407 2778 1440 2808 2.
1463 2776 1548 2808 Urb.
1562 2776 1603 2809 C.

121 2820 163 2853 ad
181 2820 357 2855 Valerium
379 2823 478 2866 legit,
507 2826 603 2859 culeo
619 2826 773 2867 Praetor5
796 2832 833 2860 at
888 2830 965 2861 566.
990 2826 1075 2860 Ant.
1093 2827 1156 2861 Ch.
1175 2829 1249 2860 186.
