1878 3132
406 210 514 242 cAP.
537 210 645 244 xw.
679 208 744 243 nn
776 208 1087 240 (summurn
1119 209 1334 242 cnorum.
1517 199 1606 243 803

134 311 324 353 moriam
344 325 435 354 non
455 323 618 368 posse:
649 310 686 352 si
709 313 855 352 tamen
875 309 1103 352 literarum
1139 323 1319 366 quoque
1342 310 1491 353 lumen
1512 310 1606 352 illis

136 379 422 430 accessisset,
442 380 590 433 magni
626 378 871 421 aestimans.
930 376 1019 419 Vir
1052 377 1312 431 Homerico,
1346 393 1479 435 quam
1506 378 1608 421 rudi

134 451 271 502 atque
291 447 530 502 impolito*
557 446 787 502 praeconio
814 445 1023 500 digniora

192 515 236 557 2.
267 514 481 558 Similiter
519 515 791 557 honoratus⁵
842 515 1016 557 animus
1050 527 1156 569 erga
1190 513 1373 569 poetam
1414 513 1609 557 Accium

135 581 195 624 D.
211 582 377 635 Bruti‚⁰
406 584 500 626 suis
520 584 803 639 temporibus
824 584 933 626 clari
952 583 1098 635 duciS,
1122 584 1296 626 extitit:
1329 582 1460 638 cujus
1480 583 1608 625 fami-

132 650 233 694 liari
254 651 392 703 cultu,
412 656 458 693 et
492 656 671 706 promta
703 642 965 695 laudatione
987 651 1249 702 delectatus,
1277 651 1378 707 ejus
1399 651 1610 694 versibus

136 719 404 775 templorum
426 720 589 773 aditus,
620 734 722 776 quae
756 734 817 765 ex
845 721 1071 764 manubiis
1101 724 1459 772 consecraverat,
1482 719 1612 762 ador—

136 788 278 830 navit.

191 855 235 897 3.
257 856 333 899 Ne
355 857 603 913 Pompeius
620 857 807 912 quidem
826 857 1023 912 Magnus
1045 857 1103 899 ab
1124 856 1209 900 hoc
1230 857 1391 900 affectu
1405 855 1424 883 ⁶
1455 856 1610 912 gloriae

136 937 349 968 aversus:
391 926 467 980 qui
503 925 852 980 Theophanem‘¹
885 925 1216 980 Mitylenaeum,
1251 926 1512 980 scriptorem
1542 938 1613 967 re-

136 1005 234 1035 rum
254 1005 450 1044 suarum,
480 993 528 1035 in
550 994 769 1036 concione
798 993 991 1035 militum
1026 994 1208 1036 civitate
1241 994 1453 1037 donavit:
1483 993 1615 1035 bene-

136 1060 288 1103 ficium
310 1074 390 1116 per
422 1074 472 1103 se
505 1061 706 1116 amplum
737 1064 948 1103 accurata
978 1061 1114 1104 etiam
1135 1066 1181 1104 et
1199 1065 1390 1104 testata⁷
1413 1061 1616 1103 oratione

136 1133 413 1183 prosecutus.
474 1128 582 1181 Quo
604 1130 813 1172 effectum
840 1134 927 1180 est,
961 1133 1086 1172 utne
1122 1131 1225 1186 quis
1245 1130 1486 1182 dubitaret,
1506 1129 1615 1185 quin

137 1196 326 1239 referret
342 1197 499 1252 potius
520 1198 722 1253 gratiam,
745 1211 880 1254 quam
899 1198 1145 1242 inchoaret.
1623 1201 1626 1205 '

761 1309 1003 1322 ΝΙΙΝΝΟΜ

138 1374 161 1406 1.
178 1374 202 1407 i.
217 1374 393 1407 accessisse.
423 1374 545 1408 Edidit
561 1375 705 1418 Pighius
716 1377 746 1409 si
763 1400 772 1409 .
784 1400 792 1410 .
805 1399 814 1408 .
830 1377 1005 1418 accessisse,
1016 1382 1053 1410 et
1069 1377 1225 1420 margine
1240 1377 1360 1419 habet,
1370 1377 1435 1409 sed.
1478 1375 1546 1408 Sed
1563 1385 1618 1408 re-

139 1418 254 1458 posuit
270 1417 446 1459 vulgatam
461 1419 646 1452 lectionem
659 1420 834 1461 Vorstius,
849 1421 1097 1453 convenienter
1112 1422 1237 1454 ceteris
1254 1421 1341 1453 Mss.
1389 1421 1475 1452 Cum
1493 1419 1618 1460 Pighio

139 1459 225 1493 facit
239 1461 387 1494 ven-4
410 1461 469 1494 Ita
487 1472 606 1494 omnes
630 1463 733 1495 codd.
759 1468 796 1495 et
811 1463 892 1496 edd.
909 1469 997 1496 vett.
1041 1465 1051 1482 ‘
1066 1465 1188 1497 Barth.
1206 1464 1296 1497 Adv.
1314 1473 1395 1496 xix.
1411 1467 1465 1495 16.
1482 1463 1623 1502 scribit,

140 1503 175 1535 in
190 1507 309 1536 vetere
322 1504 399 1536 cod.
416 1514 453 1536 se
469 1506 638 1547 reperisse
654 1506 729 1538 rudi
744 1517 839 1548 eoque
854 1507 992 1548 impolito
1003 1518 1014 1539 .·
1037 1508 1304 1550 suspicaturque
1322 1518 1342 1539 a
1353 1507 1495 1539 Valerio
1511 1506 1620 1548 scrip-

139 1551 212 1578 tum
229 1545 338 1579 fuisse
355 1548 461 1579 Radia
475 1558 570 1590 eoque
581 1549 721 1590 impolito
732 1560 743 1581 .·
768 1555 806 1582 ut
823 1549 867 1581 ad
888 1550 990 1581 Ennii
1006 1551 1165 1592 patriam,
1188 1561 1265 1592 quae
1283 1550 1408 1589 Rudia,
1430 1549 1619 1582 alludatur.

140 1589 229 1622 Mihi
240 1589 348 1622 lectio
363 1591 516 1632 vulgaris
539 1592 646 1632 magis
674 1592 815 1634 placet!
861 1593 1004 1625 Frustra
1026 1594 1207 1626 Barthium
1231 1595 1281 1626 sic
1307 1593 1523 1629 emendasse,
1547 1602 1618 1624 mo-

140 1633 217 1666 nuit
231 1633 337 1665 etiam
356 1633 474 1667 Heius.
490 1634 532 1666 ad
549 1634 639 1668 Veli.
657 1644 698 1667 n.
715 1638 747 1668 9.
760 1638 857 1668 3.-5
882 1635 1042 1669 Similiter
1063 1640 1178 1678 gratm
1205 1636 1299 1678 conj.
1326 1637 1418 1678 Guy.
1466 1636 1550 1667 Mox
1576 1635 1620 1668 P.

141 1676 333 1709 Scriverius
347 1676 381 1708 in
398 1677 608 1710 testimoniis
633 1677 677 1709 de
702 1678 813 1710 Accio
841 1684 923 1711 ante
950 1679 1175 1712 Collectanea
1202 1685 1362 1712 veterum
1388 1679 1620 1720 Tragicorum

142 1719 231 1752 citat
245 1719 341 1752 Decii
356 1719 468 1760 Bruti,
485 1727 524 1753 ut
539 1724 594 1753 est
608 1721 642 1753 iu
659 1721 807 1762 vulgatis
823 1722 913 1754 Edd.
937 1722 1042 1755 etiam
1058 1723 1151 1765 apud
1166 1723 1384 1761 Ciceronem,
1397 1723 1485 1763 legit
1501 1722 1621 1754 Deciu«

141 1763 266 1803 quidem
281 1763 419 1803 Brutus,
442 1773 520 1795 cum
534 1763 640 1796 fuerit
654 1764 816 1798 Decimus.
865 1765 1003 1798 Deinde
1021 1766 1116 1798 Leid.
1157 1773 1245 1799 uart.
1261 1777 1302 1798 ex
1322 1767 1387 1798 suis
1407 1765 1621 1797 manubiis.—

142 1808 165 1836 ὃ
189 1805 290 1838 Harl.
305 1805 434 1848 effectu,
457 1811 497 1839 ut
512 1812 566 1839 est
581 1807 616 1839 in
633 1808 748 1849 vulgg.
775 1807 837 1840 sed
853 1808 973 1851 affectu
998 1809 1101 1841 codd.
1141 1819 1201 1842 ere
1218 1820 1294 1841 cum
1311 1810 1406 1849 Mog.
1423 1813 1459 1842 et
1477 1807 1622 1841 Medici.

144 1849 372 1882 retinent—7
396 1849 508 1883 Codd.
523 1855 595 1884 tres
611 1850 758 1884 Torren.
773 1854 806 1886 et
818 1854 970 1887 attestata
979 1863 993 1892 ‚·
1016 1852 1114 1886 Leid.
1129 1857 1162 1886 5.
1177 1853 1274 1886 etiam
1289 1855 1418 1888 testata.
1454 1852 1623 1885 Perizon.

809 1946 841 1979 N
847 1945 952 1980 01*AE

187 2018 203 2040 δ
244 2018 287 2051 In
324 2019 532 2052 monumentis
578 2020 748 2061 Cornelia]
796 2021 856 2053 Ita

146 2070 252 2103 etiam
276 2070 400 2103 Cicero
431 2079 494 2112 pro
529 2069 680 2103 Archia:
717 2071 727 2089 ‘
745 2072 855 2104 Carus

143 2120 211 2154 fuit
237 2120 406 2154 Africano
435 2121 605 2163 superiori
638 2125 759 2154 noster
786 2123 855 2154 En-

143 2172 242 2211 nius;
264 2172 382 2215 itaque
407 2172 442 2204 in
469 2173 628 2214 sepulcro
654 2172 855 2215 Scipionum

144 2226 288 2264 putatur
314 2222 342 2254 is
369 2231 444 2254 esse
466 2223 678 2255 constitutus
702 2233 748 2255 ex
768 2233 855 2255 mar·

144 2271 266 2305 more!
307 2273 405 2305 Illius
420 2272 523 2305 etiam
540 2272 752 2314 epitaphium
768 2275 855 2306 cele-

144 2323 244 2356 brat:
267 2322 278 2341 ‘
295 2323 468 2365 Aspicite,
483 2332 503 2355 o
518 2324 626 2365 cives,
641 2324 730 2357 senis
751 2325 854 2357 Ennii

146 2374 305 2416 imaginis
319 2384 463 2414 urnam;
486 2374 557 2407 Hic
575 2380 726 2408 vestrum
743 2376 856 2418 pinxit

145 2426 293 2458 maxima
321 2422 418 2457 facta
446 2429 595 2467 patrum.
656 2426 770 2459 Nemo
800 2437 855 2460 me

146 2476 310 2519 lacrymis
340 2476 506 2516 decoret;
528 2486 595 2509 nec
625 2475 748 2510 funera
771 2476 856 2510 fletu

146 2527 269 2559 Finxit:
303 2527 415 2569 quor?
438 2527 546 2559 volito
572 2526 677 2560 docta
706 2538 770 2570 per
795 2538 858 2562 ora

146 2575 283 2609 virum!

192 2626 211 2644 ⁸
236 2626 304 2659 An.
320 2626 372 2658 Μ.
389 2629 487 2660 3864.
526 2627 586 2660 01.
603 2631 678 2662 147.
695 2631 727 2661 3.
769 2629 854 2662 Urb.

149 2677 190 2710 C.
205 2679 281 2709 163.
317 2676 401 2709 Aut.
419 2678 480 2711 ch.
499 2681 572 2712 189.

192 2732 206 2749 ⁶
229 2727 358 2759 Accium
382 2727 428 2760 D.
459 2729 574 2770 Bruti]
596 2730 655 2763 De
682 2729 792 2763 Accio
818 2735 856 2763 et

150 2777 194 2811 D.
224 2777 336 2811 Bruto
363 2778 494 2820 egimus
526 2789 642 2823 supra.
686 2781 766 2815 Fuit
795 2782 855 2814 ille

912 2020 1025 2053 Po'e'ta
1052 2022 1234 2064 Tragicus,
1267 2022 1326 2065 qui
1355 2030 1438 2053 sene
1466 2019 1625 2052 Pacuvio

909 2072 1112 2114 tragoediam
1139 2073 1243 2105 edere
1259 2072 1385 2115 coepit:
1409 2071 1464 2103 hic
1490 2071 1620 2102 Brutus

910 2123 1084 2155 Callaicus
1104 2123 1156 2155 vir
1178 2123 1287 2156 literis
1302 2128 1374 2155 tum
1393 2122 1524 2154 Latinis
1548 2126 1622 2153 tum

910 2172 1060 2215 Graecis,
1088 2177 1128 2206 ut
1153 2173 1366 2216 temporibus
1394 2171 1474 2214 illis,
1509 2171 1624 2204 erudi-

910 2226 978 2255 tus.

952 2271 969 2295 ὃ
993 2272 1224 2315 Theophanem]
1260 2273 1406 2306 Poetam
1448 2273 1623 2313 Graecum,

909 2323 1008 2366 cnjus
1036 2324 1193 2357 meminit
1220 2323 1344 2357 Cicero
1375 2324 1418 2356 ad
1449 2323 1623 2363 Atticum,

908 2375 960 2407 his
975 2374 1114 2408 verbis:
1137 2375 1147 2394 ‘
1162 2375 1277 2408 Velim
1293 2379 1329 2408 te
1353 2385 1396 2406 ex
1412 2375 1621 2416 Theophane

910 2425 1098 2467 respicere,
1120 2436 1270 2468 quonam
1294 2425 1330 2457 iu
1356 2435 1411 2457 me
1440 2425 1553 2456 animo
1579 2425 1625 2457 sit

910 2476 1130 2510 Arabarches
1142 2476 1164 2509 ε’
1188 2487 1254 2519 quo
1272 2476 1408 2508 nomine
1424 2485 1489 2507 nec
1506 2476 1621 2508 Caesa-

911 2536 996 2569 rem,
1018 2537 1083 2560 nec
1107 2526 1313 2567 Antonium,
1336 2527 1398 2559 sed
1413 2526 1620 2567 Pompeium

911 2577 1087 2618 intelligit.
1123 2577 1228 2619 Apud
1245 2577 1450 2619 Pompeium
1469 2577 1622 2618 potuisse

911 2629 1096 2670 plurimum
1113 2632 1296 2668 testantur,
1318 2631 1355 2660 et
1370 2628 1487 2660 Caesar
1503 2627 1536 2659 in
1553 2627 1622 2659 bel-

910 2680 945 2711 lo
975 2678 1081 2717 civili,
1101 2682 1139 2710 et
1175 2678 1356 2710 Cornelius
1384 2678 1538 2719 Tacitus,
1559 2678 1620 2720 qui

910 2728 1044 2761 divinos
1074 2728 1220 2761 honores
1247 2735 1328 2770 post
1352 2733 1497 2761 mortem
1523 2729 1571 2761 illi
1599 2738 1619 2765 ι

910 2780 1045 2814 Graecis
1061 2780 1208 2813 tributos
1223 2779 1387 2824 prodidit.
