1878 3132
244 197 330 240 502
643 205 854 236 VALERu
888 205 1084 237 ΜΑΧιΜι
1119 207 1220 239 mn.
1255 208 1300 238 v.

243 304 384 346 nostri
406 307 602 354 venerat,
624 302 858 358 duplicata
877 315 982 357 erga
1009 316 1093 345 nos
1123 303 1435 346 benevolentia
1452 304 1500 346 in
1529 316 1716 360 regnum

243 385 372 414 suum
401 384 609 414 reversus
640 375 721 414 est.
748 394 751 396 -
784 370 886 413 Nec
914 371 1135 427 AEgyptus
1167 371 1348 427 quidem
1380 372 1603 416 Romanae
1633 374 1716 417 hu-

243 440 468 483 manitatis
498 453 661 495 expers
693 439 791 482 fuit.
852 439 958 482 Rex
987 440 1105 481 enim
1141 440 1414 484 Ptolcmaeus
1429 445 1466 465 ²0
1494 454 1524 483 a
1541 442 1714 485 minore

240 507 401 551 sratre¹¹
430 521 563 564 regno
584 509 821 563 spoliatus,
843 508 1024 563 petendi
1057 508 1220 551 auxilii
1251 510 1392 563 gratia
1421 521 1522 552 cum
1551 510 1716 565 paucis

242 576 479 618 admodum
513 578 670 628 servis,
690 577 898 632 squalore
930 577 1118 628 obsitus,
1138 577 1334 619 Romam
1355 581 1551 630 venerat,
1575 590 1629 620 ac
1663 590 1714 621 se

242 645 288 685 in
301 644 544 700 hospitium
562 645 856 688 Alexandrini
874 645 1065 699 pictoris
1079 645 1338 687 contulerat.
1397 645 1452 686 Id
1472 650 1712 700 postquam

242 714 418 755 senatui
433 714 617 756 relatum
638 718 724 764 est,
748 714 963 756 arcessito
978 714 1162 770 juvene,
1178 726 1312 769 quam
1332 714 1483 769 potuit
1505 718 1718 756 accurata

243 783 533 824 excusatione
549 787 581 806 ²¹
613 795 722 824 usus
764 785 847 834 est,
869 783 1016 837 ‘quod
1056 796 1140 824 nec
1178 787 1451 838 quaestorem
1487 782 1556 825 illi
1590 793 1715 824 more

243 850 460 905 majorum
485 851 664 893 obviam
695 851 906 903 misisset,
934 865 1020 894 nec
1052 851 1236 907 publico
1273 864 1376 894 eum
1405 850 1605 905 hospitio
1632 862 1715 892 ex·

243 919 463 972 cepisset:
494 932 637 974 eaque
664 933 755 962 non
789 934 875 963 sua
905 921 1190 975 negligentia,
1212 919 1290 962 sed
1317 919 1463 974 ipsius
1496 919 1715 961 subitoet

242 985 527 1028 clandestino
559 988 754 1031 adventu
785 987 931 1032 facta'
953 989 1098 1031 dixit:
1131 988 1191 1030 Et
1222 988 1349 1030 illum
1370 1000 1396 1029 e
1422 986 1546 1029 curia
1574 985 1715 1041 proti-

241 1058 375 1095 nus²2
404 1055 462 1097 ad
497 1057 706 1110 publicos
744 1061 932 1113 penates
968 1057 1176 1108 deduxit,
1206 1056 1495 1111 hortatusque
1528 1058 1615 1106 est,
1636 1055 1715 1097 ‘ut

241 1120 467 1176 depositis
505 1124 714 1167 sordibus
755 1125 946 1167 adeundi
986 1125 1130 1180 ipsius
1170 1125 1287 1166 diem
1327 1122 1532 1180 peteret.'
1589 1121 1714 1174 Quin

241 1190 374 1232 etiam
407 1204 528 1234 curae
562 1193 733 1245 habuit,
754 1199 804 1236 ut
822 1207 1007 1235 munera
1027 1194 1072 1235 ei
1101 1193 1305 1248 quotidie
1335 1205 1414 1247 per
1446 1195 1714 1247 quaestorem

242 1256 468 1302 darentur.
529 1259 620 1301 His
641 1261 851 1315 gradibus
868 1261 1114 1303 officiorum
1123 1261 1350 1316 jacentem
1364 1260 1422 1303 ad
1439 1260 1604 1314 regium
1623 1258 1714 1301 fas·

241 1325 396 1379 tigium
430 1329 642 1371 erexit22³
674 1329 927 1384 effecitque,
947 1332 996 1370 ut
1027 1330 1132 1384 plus
1163 1329 1260 1383 spei
1290 1329 1335 1370 in
1366 1328 1535 1371 auxilio
1555 1327 1713 1383 populi

242 1392 457 1447 Romani,
480 1410 616 1451 quam
635 1402 779 1440 metus
798 1399 844 1440 in
865 1411 948 1440 sua
969 1399 1146 1440 fortuna
1163 1400 1408 1452 reponeret.

298 1462 340 1504 2.
371 1462 523 1519 Atque
544 1472 596 1507 ut
628 1466 684 1508 ab
705 1466 929 1508 universis
950 1465 1164 1508 Patribus
1196 1464 1465 1519 conscriptis
1486 1462 1545 1505 ad
1565 1463 1714 1517 singu-

240 1528 310 1571 los
347 1533 539 1584 veniam,
572 1533 626 1575 L.
664 1533 899 1576 Cornelius
939 1534 1096 1576 consul
1108 1538 1147 1565 24
1183 1534 1327 1590 primo
1363 1532 1540 1575 Punico
1567 1531 1714 1583 0bello,

855 1654 874 1667 0
877 1654 1098 1668 eum-eom

242 1718 344 1751 codd.
358 1723 396 1751 et
410 1719 578 1753 edd—20
602 1721 675 1754 Rex
690 1723 757 1763 ejus
773 1722 962 1755 Ptolomoeus
977 1723 1009 1755 in
1025 1732 1148 1755 novem
1164 1721 1264 1754 codd.
1280 1722 1424 1754 Torren.
1442 1724 1479 1753 et
1493 1721 1592 1762 Μῦς.
1626 1721 1714 1755 Mox

241 1761 277 1792 in
293 1762 426 1795 Vorstii
444 1768 480 1795 et
502 1765 660 1797 Torrenii
677 1765 758 1797 edd.
783 1767 975 1807 sphalmate
1002 1770 1140 1808 typogr.
1167 1765 1311 1807 legitur,
1335 1775 1354 1796 a
1371 1763 1487 1804 majore
1505 1763 1712 1802 frutra—21

242 1805 339 1837 Leid.
356 1809 385 1838 1.
400 1816 461 1847 qua
474 1808 579 1847 potuit
593 1812 741 1840 accurata
755 1810 906 1842 oratione.
952 1810 1090 1842 Deinde
1108 1810 1233 1850 Copes.
1260 1813 1296 1840 et
1311 1807 1442 1840 Medic.
1454 1810 1487 1839 2.
1503 1807 1552 1838 ini
1566 1809 1605 1839 de
1619 1817 1715 1840 ’nore-

240 1850 328 1878 —22
353 1848 409 1880 Ita
426 1849 589 1891 Pighius;
613 1858 648 1883 et
664 1852 714 1884 sic
729 1852 830 1885 codd.
843 1853 988 1886 Torren.
1002 1862 1079 1885 curn
1096 1853 1193 1893 Mog.
1205 1852 1278 1883 aliae
1293 1851 1373 1883 edd.
1385 1850 1550 1881 exhibent
1566 1861 1574 1882 ι
1597 1861 1614 1882 e
1625 1852 1714 1883 curia

240 1890 342 1922 subito
358 1893 399 1923 ad
413 1893 561 1933 publicos.
608 1895 716 1927 Paulo
731 1899 812 1936 post
828 1896 926 1927 Leid.
940 1899 969 1929 l.
997 1895 1092 1927 delet
1105 1895 1205 1937 ipsius
1215 1906 1229 1933 ;
1251 1904 1314 1936 pro
1331 1904 1400 1936 quo
1416 1894 1529 1925 Bitur.
1552 1896 1582 1925 1.
1606 1893 1714 1926 habet

240 1935 282 1964 ad
297 1936 445 1975 se,·quod
463 1936 497 1967 in
515 1937 614 1969 Leid.
628 1942 660 1969 5.
687 1939 900 1979 expungitur
916 1949 956 1971 ac
978 1938 1245 1979 superscribitur
1260 1937 1459 1978 ipsium—23
1481 1936 1539 1968 Ita
1554 1936 1714 1977 Pighianl

241 1983 279 2007 et
293 1977 435 2010 Torren.
451 1989 528 2011 cum
545 1981 641 2020 Mog.
652 1986 689 2012 et
702 1981 845 2014 Mediol.
859 1985 890 2013 3.
904 1982 1010 2014 evexit
1021 1980 1277 2014 Venett.Aldd.
1294 1980 1405 2013 Colin.
1416 1979 1551 2021 Gryph.
1564 1978 1713 2012 Ascens-

240 2024 278 2050 et
294 2019 411 2061 steph.
446 2021 487 2053 In
503 2023 579 2056 cod.
595 2025 755 2057 Perizon.
772 2024 889 2057 deleto
905 2026 1009 2057 erexit
1035 2025 1308 2067 superscriptum
1325 2029 1378 2055 est
1395 2023 1438 2055 al.
1452 2033 1496 2055 m.
1510 2023 1713 2055 enthea-it.—

241 2064 284 2093 24
311 2063 408 2096 Harl.
427 2066 593 2098 Cornelius
605 2067 711 2108 Scipio
726 2069 842 2100 consul.
883 2069 966 2100 Mox
985 2068 1089 2101 Aldd.
1107 2067 1289 2107 fortissime
1299 2076 1446 2108 pugnans
1461 2072 1582 2098 contra
1594 2074 1714 2098 omnes

241 2103 315 2136 fere
331 2107 433 2139 codd.
451 2112 487 2140 et
501 2109 580 2141 edd.
597 2111 705 2152 antiq.
739 2111 810 2143 Pro
829 2111 957 2143 Olbiam
974 2112 1073 2144 Leid.
1086 2114 1118 2143 1.
1135 2117 1170 2143 et
1180 2111 1294 2142 Bitur.
1309 2113 1338 2142 1.
1351 2112 1383 2142 2.
1398 2109 1548 2147 Annum,-
1570 2108 1669 2141 Leid.
1680 2111 1715 2142 2.

245 2147 373 2186 Obnia,·
397 2150 497 2184 Leid.
513 2154 545 2184 4.
570 2153 709 2185 Olmam.
755 2154 875 2187 Codex
905 2155 1064 2187 Perizon.
1086 2154 1217 2187 omittit
1244 2154 1374 2195 Hanno,
1401 2151 1492 2196 quod
1507 2152 1557 2184 sic
1572 2151 1715 2184 exhibet

901 2253 1042 2286 NOTAE

239 2320 249 2338 ‘
266 2319 409 2352 libertus
429 2325 554 2363 vester,
570 2329 685 2357 vestra
701 2325 860 2359 instituta
876 2328 948 2360 imi·
1005 2329 1177 2369 venerint,
1192 2326 1391 2360 Alexander
1405 2330 1443 2358 et
1463 2326 1629 2365 Auletes;
1651 2325 1711 2357 ille

240 2371 307 2402 tari
322 2373 486 2412 paratus!
516 2375 561 2405 Et
578 2376 679 2416 paulo
698 2382 776 2418 post
789 2378 949 2421 frequen·
1003 2379 1071 2411 An.
1099 2379 1153 2411 M.
1171 2381 1269 2410 3891.
1292 2378 1350 2410 hic
1375 2379 1473 2409 3997.
1497 2381 1534 2408 at
1553 2379 1678 2408 neuter
1692 2385 1713 2408 a

240 2421 266 2452 ti
282 2421 413 2453 Senatu
429 2424 619 2456 orationem
646 2436 742 2459 suam
766 2428 816 2460 bis
835 2430 947 2462 verbis
1003 2428 1113 2462 fratre
1128 2429 1259 2461 minore
1275 2429 1402 2470 pulsus.
1447 2427 1605 2468 Uterque
1619 2426 1711 2458 enim

239 2482 384 2504 exorsus
401 2473 464 2505 sit:
496 2476 506 2491 ‘
522 2474 661 2508 Salvetc
681 2478 739 2508 Dii
755 2485 947 2512 servatores
1003 2480 1046 2512 ab
1070 2479 1315 2512 Alexandrinis
1340 2478 1471 2510 civibus
1487 2478 1621 2519 ejectus
1634 2480 1709 2509 est:

240 2522 333 2562 mei:
348 2525 413 2554 &Q
1004 2530 1204 2563 Alexander
1227 2530 1273 2562 ob
1297 2538 1415 2561 necem
1438 2528 1569 2560 illatam
1584 2527 1711 2567 matri;

282 2572 301 2590 ³¹*
323 2572 391 2606 An.
406 2574 456 2606 M.
472 2577 570 2607 3888.
606 2576 664 2608 01.
688 2580 762 2611 153.
786 2582 818 2611 3.
857 2581 945 2614 Urb.
1001 2581 1146 2613 Auletes
1163 2581 1207 2613 ob
1227 2580 1385 2622 graviora
1411 2579 1562 2612 tributa:
1597 2589 1618 2611 a
1643 2577 1711 2610 Ro-

239 2623 279 2655 C.
296 2625 372 2655 58⁷.
409 2625 492 2657 Ant.
510 2626 572 2658 Cli.
589 2629 664 2660 165.
1001 2632 1108 2663 ruanis
1135 2632 1193 2663 ille
1218 2631 1252 2663 in
1278 2631 1389 2662 insula
1412 2630 1528 2671 Cypro
1561 2637 1710 2670 regnare

280 2671 296 2692 ¹¹
311 2673 526 2707 Ptolemaeusa
537 2677 655 2708 minore
661 2677 785 2719 fratre]
803 2679 945 2712 Errasse
994 2681 1113 2722 jussus
1126 2693 1135 2721 ;
1158 2683 1214 2714 liic
1225 2691 1245 2714 a
1259 2680 1408 2714 Gabinio
1417 2680 1528 2722 Syriae
1540 2684 1611 2713 tum
1625 2679 1710 2711 Pro·

236 2723 302 2755 hoc
330 2723 364 2755 in
394 2724 470 2757 loco
501 2727 677 2759 Valerium
708 2738 850 2761 necesse
880 2736 946 2773 est,
1000 2733 1141 2765 consule
1158 2732 1260 2765 armis
1273 2731 1455 2764 restitutus
1470 2734 1537 2764 est.

237 2783 314 2806 cum
342 2775 409 2807 duo
430 2780 562 2809 tantum
589 2778 772 2812 Ptolemaei
805 2781 945 2815 Romam
