1878 3132
553 226 663 258 oAP.
687 223 761 255 m,
797 222 862 254 DE
894 220 1232 254 SEVEm'rA‘rE.
1543 205 1629 251 611·

146 328 208 372 tis
234 326 564 370 monumentum
596 326 699 365 esta*
760 318 934 362 Eadem
970 330 1131 360 ausum
1167 317 1247 372 Sp.
1270 314 1459 360 Melium
1483 318 1634 361 eonsi-

146 396 244 440 mili
275 395 405 439 exitu
438 393 586 450 patria
611 388 863 442 mulctavit.
924 387 1048 430 Area
1078 399 1188 430 vero
1209 386 1372 428 domus
1393 386 1507 442 ejus,
1541 400 1633 445 quo

141 464 325 520 justitia
343 461 560 518 supplicii
579 458 751 502 notior⁸
784 457 842 500 ad
862 459 1074 513 posteros
1102 455 1374 511 perveniret,
1397 456 1633 512 AEquime·

146 533 200 576 lii
217 532 564 589 appellationem
585 528 743 572 traxit.

208 601 439 654 Quantum
476 612 581 654 ergo
617 598 711 641 odii
743 597 967 640 adversus
997 595 1154 638 hostes
1188 592 1416 637 libertatis
1447 594 1635 636 insitum

148 671 309 714 animis
340 669 514 724 antiqui
539 668 768 718 haberent,
789 666 1014 722 parietum
1046 676 1101 707 ac
1131 668 1363 716 tectorum,
1390 664 1435 705 in
1467 664 1636 719 quibus

146 740 312 785 versati
331 739 522 790 fuerant,
542 737 683 781 ruinis
705 737 1019 780 testabantur-⁹
1079 733 1289 790 Ideoque
1310 739 1356 776 et
1370 732 1436 775 M.
1460 733 1634 785 Flacci,

150 814 196 854 et
221 809 275 853 L.
297 809 545 860 Saturnini,
567 805 1011 850 seditiosissimorum
1042 803 1227 856 civium,
1249 803 1515 859 corporibus
1543 809 1638 846 tru-

149 878 331 931 cidatis,
351 883 542 935 penates
574 878 632 920 ab
662 876 764 919 imis
779 881 814 900 ¹0
843 874 1143 918 fundamentis
1174 873 1291 917 eruti
1311 877 1447 916 sunt.‡
1507 871 1638 916 Cete-

147 960 245 991 rum
269 946 516 991 Flacciana
537 959 659 997 area,
683 959 785 989 cum
807 944 882 987 diu
901 944 1188 1000 penatibus¹¹
1214 955 1364 987 vacua
1375 943 1635 994 mansisset,

150 1028 180 1061 a
199 1016 262 1070 Q.
284 1016 450 1060 Catulo
470 1015 709 1060 Cimbricis
732 1015 893 1071 spoliis
914 1014 1132 1056 adornata
1153 1017 1262 1055 est*

204 1085 368 1141 Viguit
390 1087 437 1129 in
469 1090 624 1128 nostra
657 1085 845 1127 civitate
866 1083 939 1125 Ti.
961 1088 1007 1126 et
1027 1080 1079 1127 (3.
1115 1081 1426 1126 Gracchorum
1451 1095 1638 1139 ‘summa

150 1156 382 1207 nobilitas,
416 1168 469 1198 ac
503 1168 607 1210 spes
641 1154 949 1210 amplissima:
982 1153 1061 1195 sed
1099 1154 1208 1208 quia
1240 1156 1410 1195 statum
1440 1152 1640 1195 civitatis

151 1225 298 1269 conati
326 1228 451 1268 etant
469 1224 737 1276 convellere,
758 1224 982 1279 insepulta
1019 1223 1246 1266 cadavera
1269 1221 1532 1278 jacuerunt:
1565 1235 1642 1264 su-

151 1306 422 1351 premusque
440 1295 650 1338 humanae
675 1294 949 1337 conditionis
971 1294 1115 1336 honos
1136 1290 1245 1334 filiis
1265 1292 1477 1344 Gracchi,
1500 1297 1546 1335 et
1564 1305 1641 1335 ne-

151 1365 335 1420 potibus
357 1362 562 1406 Africani
584 1363 763 1405 defuitst
821 1362 946 1415 Quin
977 1363 1114 1405 etiam
1145 1361 1438 1405 familiares¹²
1470 1375 1642 1413 eorum,

151 1445 209 1475 ne
230 1434 334 1489 quis
350 1433 611 1489 reipublicae
634 1433 827 1476 inimicis
846 1432 1019 1475 amicus
1041 1445 1145 1475 esse
1160 1432 1313 1484 vellet,
1333 1431 1388 1474 de
1408 1433 1569 1475 robore
1582 1437 1613 1462 ¹³
1628 1436 1643 1454 ·

151 1502 426 1557 praecipitati
447 1507 582 1551 sunt.‡

211 1571 253 1614 2.
286 1571 415 1614 Idem
451 1571 538 1614 sibi
575 1575 667 1614 tam
707 1572 844 1614 licere
887 1571 943 1615 P.
984 1571 1170 1614 Mucius
1186 1569 1201 1595 f
1227 1572 1435 1614 tribunus
1475 1569 1643 1626 plebiS,

784 1682 802 1694 Ἀ
805 1682 822 1694 Ι
825 1681 1013 1695 ΝΜθΟΟΟ

152 1749 410 1793 impotentissimi
426 1750 552 1792 Ultraj.
569 1752 669 1784 1.-8
690 1751 750 1783 Ita
766 1750 898 1783 Brund.
917 1753 948 1783 l.
973 1753 1005 1783 2.
1034 1750 1200 1783 tredecim
1217 1751 1364 1783 Torren.
1380 1750 1453 1791 al'ii,
1467 1760 1545 1782 cum
1560 1751 1643 1784 Vet.

155 1794 254 1836 Meg.
286 1794 430 1827 Venett.
458 1794 604 1827 Mediol.
628 1793 736 1827 Aldd.
765 1795 879 1827 Colin.
904 1794 1039 1836 Gryph.
1067 1799 1102 1826 et
1127 1794 1249 1836 Steplr.
1295 1794 1441 1836 Pighius
1466 1798 1582 1826 tamen
1599 1805 1644 1828 ex

155 1837 295 1871 Winek.
311 1838 458 1881 aliisque
476 1838 587 1871 tribus
599 1838 734 1879 maluit,
739 1838 826 1878 justi
840 1839 990 1880 supplicii
1005 1839 1137 1877 notitia,
1153 1837 1430 1880 improbantibus
1446 1837 1592 1871 Torren.
1609 1844 1646 1872 et

156 1881 343 1924 Kapp.——9
366 1886 376 1900 ‘
389 1882 446 1914 Sic
463 1891 583 1915 omnes
600 1882 688 1914 Mss.
705 1882 878 1920 Torrenii,
894 1881 979 1915 Vet.
1007 1882 1155 1924 aliaeque
1172 1887 1253 1914 ante
1269 1882 1429 1924 Pighium
1456 1881 1644 1920 editiones,

157 1931 291 1967 praeter
306 1925 405 1967 Mog.
422 1935 499 1968 quae
517 1935 596 1959 eum
621 1926 694 1958 solo
712 1926 803 1958 Ultr.
820 1935 892 1958 sec.
910 1926 1018 1969 legit:
1043 1929 1217 1966 testantur,
1234 1925 1284 1958 uti
1302 1935 1322 1957 a
1346 1926 1488 1968 Pighiu,
1503 1925 1644 1967 Colere,

156 1969 299 2001 Vorstio
314 1969 446 2002 editum
463 1974 528 2003 est.
573 1969 643 2002 Sed
669 1970 758 2002 bene
784 1969 972 2002 Torrenius
993 1970 1193 2002 testabantur
1219 1969 1420 2003 revocavit!
1445 1970 1644 2011 Koma—lo

157 2012 229 2045 Pro
244 2012 320 2044 imis
334 2013 413 2045 Vet.
428 2012 533 2046 babet
547 2013 763 2056 infima—ll
789 2015 799 2032 ‘
812 2014 891 2047 Vox
905 2014 1076 2056 penatibus
1090 2014 1258 2046 Torrenio
1269 2023 1288 2045 a
1305 2014 1412 2046 sciolo
1434 2013 1555 2046 addita
1570 2023 1646 2047 esse

156 2055 312 2088 videtur.
326 2056 432 2090 Certe
442 2067 518 2089 eam
529 2057 601 2090 Bit.
614 2058 716 2099 prim.
730 2057 838 2090 delet.
865 2057 933 2090 Sed
946 2058 980 2089 in
993 2058 1076 2090 Vet.
1090 2057 1181 2090 Ultr.
1195 2058 1296 2099 prim.
1313 2057 1412 2090 Harl.
1425 2057 1530 2090 Barb.
1543 2058 1646 2101 prim.

156 2098 256 2132 Med.
269 2105 432 2142 utroque,
445 2100 540 2133 Leid.
553 2109 622 2134 sec.
632 2101 758 2143 copes.
770 2101 887 2134 Periz.
901 2106 1054 2143 estpene,
1065 2101 1157 2144 quod
1168 2102 1271 2134 etiam
1286 2102 1483 2134 Gronovius
1496 2101 1529 2132 in
1541 2111 1646 2134 mem-

158 2142 274 2175 branis
291 2142 440 2176 Andinis
455 2144 600 2182 invenit,
617 2144 709 2177 unde
724 2146 872 2187 conjicit
884 2154 998 2187 poenoe,
1014 2145 1036 2178 i.
1053 2155 1084 2178 e.
1101 2145 1135 2176 in
1154 2154 1304 2186 poenam‘,
1318 2155 1429 2188 poenae
1442 2145 1596 2186 nomine,
1607 2151 1646 2179 ut

159 2191 419 2220 monumentum
437 2196 548 2229 poenae
564 2194 665 2221 esset.
711 2188 812 2222 Quod
831 2189 859 2220 si
876 2189 931 2221 cui
947 2188 1056 2230 magis
1073 2188 1220 2230 arridet,
1234 2189 1435 2222 'l'orreninm
1452 2197 1519 2222 non
1544 2190 1644 2221 valde

159 2229 424 2263 dissentientem
449 2231 620 2264 habebit.’
654 2233 853 2273 Koma—12
890 2232 1059 2265 Nonnulli
1091 2232 1193 2265 codd.
1216 2232 1551 2272 familiariores.—-l3
1585 2233 1643 2266 Sic

159 2282 277 2305 omnes
294 2274 415 2316 scripti
433 2279 469 2307 et
486 2274 571 2307 editi
588 2274 679 2308 libri.
707 2276 852 2308 Torren.
868 2277 959 2317 conj.
975 2277 1014 2308 de
1025 2285 1114 2317 rupe,
1130 2286 1179 2308 sc.
1198 2277 1372 2318 'l‘arpeia3
1404 2278 1568 2310 Vorstius
1585 2287 1646 2309 au-

162 2322 233 2349 tem
249 2317 284 2349 in
308 2317 429 2359 robore,
452 2318 474 2351 i.
490 2329 520 2350 e.
538 2318 571 2350 in
593 2319 709 2352 robur.
739 2324 747 2337 ‘
764 2319 853 2352 Mihi
870 2325 987 2352 textus
1004 2319 1039 2351 in
1058 2325 1157 2352 tanta
1174 2319 1342 2353 librorum
1363 2322 1562 2354 constantia
1577 2330 1646 2353 non

205 2475 220 2506 †
237 2468 305 2502 An.
322 2470 374 2503 M.
399 2472 496 2504 3570.
520 2471 579 2505 01.
604 2474 658 2505 74.
675 2475 705 2505 1.
729 2471 817 2504 Urb.
835 2471 874 2505 C.
930 2471 1069 2515 cipitari
1094 2473 1262 2514 potuerit,
1275 2483 1343 2506 non
1362 2473 1471 2506 video.

160 2521 237 2554 269.
260 2520 345 2554 Ant.
362 2522 425 2555 Ch.
441 2525 520 2555 483.
975 2527 990 2562 ss
1014 2523 1083 2556 An.
1095 2524 1138 2556 U.
1155 2524 1194 2557 C.
1209 2527 1287 2557 632.

206 2577 222 2611 t
245 2571 314 2605 An.
332 2573 375 2606 U.
394 2573 434 2606 C.
452 2576 528 2607 632.
970 2572 985 2596 ¹
998 2575 1038 2609 P.
1057 2575 1202 2617 Mucius]
1225 2574 1268 2608 Id
1289 2576 1411 2609 scribit
1425 2576 1585 2610 Valerius
1602 2587 1647 2611 ex

206 2622 228 2643 ⁸
248 2623 317 2656 An.
336 2624 381 2657 U.
395 2625 436 2657 C.
450 2628 527 2658 653.
933 2627 972 2659 iis
1005 2627 1205 2667 Annalibus,
1230 2627 1289 2670 qui
1316 2628 1437 2660 decem
1473 2627 1647 2663 Tribunos

207 2679 221 2708 t
247 2673 313 2707 Au.
332 2675 378 2707 U.
395 2675 434 2708 C.
449 2678 526 2709 620.
932 2678 1045 2720 plebis
1075 2683 1146 2711 tum
1173 2677 1280 2710 fuisse
1304 2683 1504 2720 testantur3
1528 2680 1647 2714 Livius

208 2730 223 2749 θ
246 2726 297 2759 De
323 2728 448 2771 robore]
484 2728 605 2762 Robur
624 2730 720 2763 locus
743 2736 820 2764 erat
843 2731 878 2764 in
933 2735 1050 2763 tamen
1075 2736 1112 2763 et
1142 2730 1326 2771 Dionysius
1347 2740 1513 2773 nusquam
1530 2732 1647 2764 memi-

165 2784 321 2816 careere,
345 2783 383 2811 ut
399 2784 498 2821 patet
519 2791 562 2813 ex
588 2782 717 2815 Plauto
744 2787 781 2815 et
809 2783 876 2815 Ln-
932 2787 1071 2814 nerunt.

167 2828 277 2861 cretio
295 2839 304 2868 ;
328 2830 388 2861 sed
404 2831 463 2872 qui
480 2833 554 2874 quis
570 2832 613 2865 de
628 2833 684 2865 illo
702 2834 779 2866 loco
795 2844 880 2876 prae-
