1878 3132
627 191 737 224 cn.
759 191 805 223 v.
839 190 904 223 mr
936 190 1198 224 nummis.
1567 179 1656 222 707

801 384 940 429 CAP.
972 385 1032 429 V.

680 506 767 553 DE
797 509 1131 555 REPULSIS.

197 624 216 655 1
241 621 286 656 Q.
301 621 382 655 AElii
394 620 602 655 Tuberonis.
959 628 982 658 4
1005 624 1074 659 Qu.
1088 623 1226 657 Metelli
1245 624 1477 659 Macedonici.

193 667 216 698 Β
240 665 284 698 Ρ.
299 665 471 708 Scipionis
489 666 640 700 Nasicae.
960 671 980 700 5
1007 669 1044 700 L.
1061 668 1214 701 Cornelii
1231 668 1348 710 Syllae.

193 711 215 741 8
237 709 279 743 1..
295 708 424 742 AEmilii
438 709 551 744 Pauli.
959 715 982 744 6
1004 712 1057 745 Μ.
1069 712 1212 746 Catonis
1228 713 1416 746 Uticensis.

231 829 396 874 cium
419 844 597 888 quoque
625 835 946 888 repraesentata
966 832 1166 876 conditio
1204 833 1494 877 ambitiosam
1514 833 1654 889 ingre-

172 898 377 944 dientes¹
408 900 531 944 viam
563 900 622 944 ad
663 901 826 944 fortius
873 901 1156 944 sustinendos
1199 915 1362 957 parum
1400 916 1649 959 prosperos

172 969 456 1014 comitiorum
486 973 670 1014 eventus
706 971 878 1014 utiliter
898 971 1217 1015 instruxeritza
1258 972 1367 1028 quia
1403 973 1653 1028 propositis

170 1042 275 1082 ante
296 1039 456 1082 oculos
472 1039 822 1083 clarissimorum
846 1041 1041 1083 virorum
1060 1040 1269 1096 repulsis,
1299 1044 1348 1084 ut
1366 1054 1457 1084 non
1483 1042 1654 1084 minore

170 1119 273 1150 cum
293 1122 375 1165 spe
408 1110 615 1161 honores,
646 1109 714 1152 ita
745 1109 1032 1165 prudentiore
1069 1123 1174 1152 cum
1208 1110 1345 1152 animi
1373 1109 1552 1165 judicio
1574 1125 1654 1167 pe-

170 1179 288 1220 tent:
303 1182 319 1201 ²
349 1179 720 1234 meminerintque
740 1179 867 1222 nefas
888 1192 976 1222 non
996 1193 1113 1231 esse,
1147 1179 1319 1235 aliquid
1357 1179 1415 1222 ab
1448 1181 1655 1224 omnibus

169 1245 250 1288 uni
268 1249 444 1302 negari;
484 1261 585 1290 cum
614 1260 920 1303 saepenumero
954 1248 1118 1303 singuli
1159 1252 1423 1291 cunctorum
1446 1249 1651 1293 volunta-

170 1315 293 1358 tibus
312 1317 516 1360 resistere
536 1317 608 1360 fas
630 1330 731 1361 esse
747 1317 971 1362 duxerint.
1013 1317 1216 1361 Scientes
1228 1319 1400 1372 etiam,³
1430 1319 1654 1375 patientia

168 1385 312 1440 quaeri
331 1385 509 1437 debere,
532 1387 651 1443 quod
672 1388 817 1442 gratia
835 1387 1067 1442 impetrari
1084 1386 1325 1442 nequierit.

228 1453 269 1498 l.
302 1453 362 1507 Q.
378 1455 527 1498 AElius
545 1456 740 1508 Tubero,
773 1469 802 1499 a
833 1454 891 1507 Q.
911 1455 1054 1498 Fabio
1088 1455 1334 1508 Maximo?
1362 1457 1545 1512 epulum
1569 1470 1654 1513 po-

169 1521 314 1578 pulo4
341 1524 517 1566 nomine
549 1523 605 1567 P.
625 1522 830 1567 Africani
850 1525 999 1579 patrui
1021 1525 1090 1566 sui
1126 1523 1275 1577 dante,
1305 1531 1491 1580 rogatus
1513 1530 1562 1569 ut
1580 1527 1656 1570 tri-

169 1590 356 1634 clinium
374 1595 602 1644 sterneret,
633 1593 827 1636 lectulos
861 1592 1149 1636 Punicanos⁵
1166 1592 1183 1618 ¹³
1223 1594 1423 1650 pellibus
1461 1594 1655 1638 haedinis

168 1660 345 1713 stravit,
369 1665 417 1703 et
452 1674 532 1717 pro
565 1662 785 1718 argenteis
806 1662 930 1705 vasis
959 1661 1114 1706 Samia
1134 1665 1362 1719 exposuit.
1423 1660 1567 1720 Cujus
1589 1667 1653 1709 rei

211 1802 227 1818 ⁶
243 1796 359 1830 Varius
381 1807 500 1840 quoque
524 1801 666 1838 eventus,
688 1798 742 1840 qui
765 1799 800 1831 in
821 1809 930 1841 campo
946 1798 1070 1831 Martio
1082 1799 1253 1840 contingit,
1268 1800 1365 1832 oculis
1379 1799 1535 1840 subjectus
1546 1804 1652 1842 potest

164 1841 290 1873 utiliter
301 1841 458 1874 instruere
469 1852 532 1882 eos,
545 1842 599 1884 qui
610 1842 774 1876 ambitiose
783 1843 916 1876 honores
928 1846 1094 1885 appetunt,
1105 1845 1146 1876 ad
1152 1843 1278 1883 fortius
1284 1843 1438 1884 ferendos
1452 1844 1651 1878 comitiorum

167 1884 275 1917 exieus
286 1885 368 1927 ipsis
382 1884 534 1925 infelices.

793 1940 1033 1953 mooe

215 2006 232 2035 1
259 2003 426 2036 Nonnulli
451 2003 553 2038 codd.
582 2006 725 2040 Torren.
754 2007 978 2048 ingredientis.
1027 2007 1098 2039 Pro
1127 2007 1214 2040 viam
1238 2006 1402 2040 Perizon.
1430 2007 1523 2050 conj.
1538 2008 1650 2042 vitam.

168 2047 256 2079 Mox
284 2047 415 2080 Medic.
449 2051 480 2080 l.
503 2051 535 2081 2.
555 2053 592 2081 et
623 2049 728 2082 Barb.
756 2054 788 2082 l.
814 2052 939 2083 utiliter
950 2051 1187 2085 instruxit.—2
1202 2053 1212 2070 ⁴
1226 2051 1286 2084 Ita
1308 2056 1406 2084 recte
1429 2052 1504 2084 liaec
1534 2053 1652 2085 edide-

167 2094 246 2122 rant
262 2089 373 2123 Aldus
389 2095 424 2123 et
435 2092 505 2124 alii.
551 2092 598 2125 Et
621 2093 724 2126 babet
739 2104 876 2136 quoque
892 2096 942 2126 ita
955 2100 1102 2136 uterque
1115 2094 1192 2126 cod.
1210 2094 1342 2127 Brand.
1361 2095 1507 2137 Pighius
1521 2100 1653 2137 tamen,

166 2134 286 2166 nescio
301 2144 369 2176 qua
385 2134 427 2167 de
444 2145 561 2174 causa,
577 2137 716 2178 scripsit
731 2140 780 2170 sic
794 2148 802 2170 :
831 2138 877 2170 Ut
889 2148 980 2180 prop.
996 2149 1026 2170 α.
1040 2148 1070 2170 o.
1086 2149 1114 2170 c.
1129 2149 1159 2170 v.
1171 2147 1201 2170 r.
1216 2149 1278 2171 non
1290 2139 1409 2171 minore
1423 2149 1449 2171 c.
1465 2149 1493 2172 s.
1508 2139 1653 2178 honores,

165 2187 205 2209 ac
223 2187 256 2219 p.
288 2188 316 2210 c.
341 2188 372 2210 o.
389 2177 421 2218 ἆ.
443 2182 565 2219 petant.
613 2181 783 2213 Nimirum
814 2191 879 2223 pro
905 2183 978 2223 quia
1004 2182 1122 2223 posuit
1148 2185 1208 2219 ιιι,-
1242 2187 1279 2214 et
1310 2183 1589 2224 comparativum
1615 2187 1652 2216 ut

166 2222 357 2263 expunxit;
382 2231 514 2265 proque
540 2223 589 2254 ila
617 2224 731 2264 posuit
747 2223 807 2257 oc!
833 2225 951 2257 Vorst.
988 2223 1226 2266 Comprobant
1242 2225 1373 2258 Vorstii
1391 2227 1567 2269 antiquam
1583 2227 1653 2260 lec-

166 2264 294 2297 tionem
310 2274 330 2297 a
342 2265 463 2305 Pighio
478 2266 722 2308 interpolatam
739 2269 934 2301 revocantis
946 2266 1078 2301 factum
1091 2268 1193 2300 codd.
1207 2268 1429 2302 Torreniani.
1444 2270 1531 2312 Cop.
1547 2270 1652 2303 babet

165 2308 332 2349 quonian»,-
355 2313 503 2350 uterque
531 2309 629 2342 Med.
652 2320 731 2342 cnm
757 2311 887 2354 Ultraj.
910 2322 979 2345 sec.
995 2312 1146 2353 exemplis
1162 2316 1194 2345 et
1208 2312 1364 2354 repulsis5
1387 2323 1474 2345 unus
1502 2313 1587 2346 item
1613 2319 1651 2346 et

166 2352 255 2383 alter
281 2355 422 2393 peterent
448 2357 508 2385 aut
537 2357 725 2394 petovia—3
751 2355 863 2387 Sciant
887 2356 984 2388 etiam
1009 2355 1141 2387 Medic.
1155 2358 1185 2387 1.
1208 2359 1242 2388 2.
1259 2361 1296 2389 et
1312 2357 1362 2388 sic
1385 2357 1473 2398 conj.
1488 2356 1650 2390 Perizon.

165 2395 252 2427 Mox
269 2395 367 2428 Harl.
391 2396 562 2436 impetrare
578 2397 773 2438 nequit-erim
804 2399 899 2431 Leid.
915 2403 946 2432 5.
961 2399 1017 2440 qui
1030 2409 1067 2439 g.
1091 2399 1260 2440 impetrari
1274 2400 1495 2441 nequiret.—-4
1523 2400 1648 2442 Ultraj.

163 2440 198 2469 2.
211 2443 247 2471 et
263 2438 342 2471 edd.
359 2444 440 2471 ante
453 2440 554 2481 Pigb.
567 2442 678 2482 populo
696 2441 915 2475 Romnum—5
943 2443 1023 2474 Duo
1040 2442 1164 2475 Leidd.
1181 2453 1261 2475 cum
1280 2453 1347 2475 uno
1364 2442 1494 2485 Ultraj.
1507 2443 1649 2476 Punica-

164 2484 232 2520 ειη,-
257 2482 356 2515 Leid.
377 2487 410 2515 5.
427 2483 657 2516 Punicatores:
681 2490 768 2518 vett.
795 2486 1008 2528 exemplaria
1024 2486 1199 2519 Punicatos
1220 2486 1352 2519 habere
1376 2490 1527 2519 testatur
1542 2487 1649 2520 etiam

837 2572 986 2605 NOTAE

202 2635 217 2651 ²¹
233 2632 275 2669 Q.
293 2634 399 2667 AElius
416 2635 547 2678 Tubero,
562 2648 582 2669 a
598 2638 640 2675 Q.
653 2638 754 2670 Fabio
766 2639 877 2671 Maxi-
978 2637 993 2659 δ
1016 2638 1163 2671 Lectulos
1188 2636 1385 2679 Punicanos]
1416 2638 1578 2680 Ligneos‚
1604 2647 1649 2671 ex

164 2681 231 2723 mo]
255 2681 411 2717 Africani
436 2687 576 2720 minoris
602 2689 663 2722 ille
688 2699 731 2722 ex
748 2699 879 2730 sorore,
933 2691 1069 2722 Seneca
1085 2690 1152 2731 Ep·
1168 2691 1221 2720 96·
1236 2698 1361 2731 parvos
1377 2693 1413 2722 et
1429 2689 1587 2731 humile-⁸,
1603 2699 1647 2722 ²¹

166 2733 221 2765 hic
236 2743 279 2765 ex
296 2733 404 2768 fratre
423 2747 530 2780 nepos
547 2739 626 2774 fuit.
672 2741 801 2775 Fabius
818 2742 878 2774 Al·
933 2740 1070 2774 Isidoro
1085 2740 1145 2773 lib·
1162 2749 1227 2773 XX·

165 2783 358 2827 lobrogicus
376 2788 478 2829 vulgo
496 2789 621 2824 dictus.
