1878 3132
484 200 592 233 CAP.
615 201 703 233 xv.
741 201 804 232 οε
838 202 1082 236 MENTrris
1116 205 1289 237 remu„
1539 197 1627 241 897

143 300 289 338 regesta.-
310 296 346 329 id
360 296 451 340 quod
467 297 594 331 Colero
609 297 716 340 magis
734 297 859 339 placet.
903 298 961 330 Sic
977 299 1068 332 enim
1087 300 1275 334 Ausonium
1296 301 1414 335 dicere
1439 302 1451 321 ⁴
1464 313 1627 346 regerere

143 340 291 373 verbera
301 339 324 382 ;'
338 340 589 374 Quintilianum
600 341 610 359 ‘
622 350 786 383 regerere
801 340 986 374 iuvidiam!
1012 343 1118 375 ναι-ει.
1157 348 1286 386 regesta
1300 345 1406 378 habet
1421 346 1509 389 Cop.
1528 347 1627 381 Leid.

146 389 237 416 sext.
263 387 301 416 et
326 384 434 417 Barb.
461 393 534 417 see.
557 388 686 426 regesta
708 389 745 417 et
770 393 834 426 pro
849 394 882 418 v.
898 385 919 417 l.
944 385 1075 426 reiecta.
1120 387 1205 419 Mox
1222 388 1337 421 Bitur.
1354 392 1387 422 1.
1402 391 1530 424 omittit
1556 391 1629 423 sub·

134 426 224 466 jecto
234 437 249 467 ‚·
261 427 385 471 reliqui
400 424 476 462 fere
492 428 557 462 hoc
572 427 692 461 ordine
708 439 716 460 :
740 438 834 469 quum
847 428 986 468 subjecto
1000 438 1031 461 v.
1044 433 1075 461 et
1090 441 1117 462 s.
1130 431 1344 473 conveniebat,
1355 434 1409 473 ὅγε.

742 743 883 787 CAP.
916 744 1033 788 XV.

173 865 261 910 DE
292 867 403 910 HIS
437 867 556 921 QUI
589 868 717 911 PER
749 868 1158 914 MENDACIUM
1190 871 1266 914 SE
1296 872 1370 916 IN
1399 873 1573 917 ALIE-

374 947 501 992 NAS
536 948 851 993 FAMILIAS
892 947 1400 995 INSERUERUNT.¹

162 1073 180 1103 l
206 1071 419 1115 Herophilus
434 1074 589 1107 medicus
605 1076 781 1117 equarius.

161 1116 184 1147 2
208 1115 370 1149 Octaviae
385 1118 512 1150 sororis
524 1118 618 1160 Aug.
634 1118 740 1152 falsus
759 1119 858 1154 filius.
1179 1111 1359 1136 EXTERNJ'

164 1159 185 1189 3
209 1158 254 1193 Q.
270 1159 418 1193 Sertorii
431 1160 538 1194 falsus
554 1161 657 1195 filius.
941 1166 952 1195 1
983 1163 1115 1196 Rubria
1131 1164 1406 1198 Mediolanensis
1422 1165 1521 1199 falsa.

160 1203 183 1233 4
205 1202 398 1235 Trebellius
414 1205 533 1238 Calca.
671 1223 673 1225 ·
936 1209 958 1239 2
981 1207 1185 1241 Ariarathes
1195 1209 1431 1252 Cappadocia!
1442 1220 1504 1243 rex
1517 1210 1636 1245 falsus.

163 1244 186 1276 5v
207 1245 272 1279 Cn.
287 1245 428 1281 Asinius
445 1249 514 1282 Dio
530 1247 648 1283 falsus.

200 1370 303 1414 Suo
334 1372 590 1416 tolerabilis·
614 1374 730 1427 haec,
750 1379 796 1418 et
815 1375 892 1418 uni
923 1377 1239 1420 tantummodo
1272 1391 1440 1434 anceps
1461 1379 1632 1422 temeri-

142 1441 229 1483 tas.
290 1439 430 1493 Quod
452 1443 656 1498 sequitur
675 1444 963 1500 impudentiae
989 1459 1144 1501 genus,
1163 1460 1250 1489 nec
1282 1446 1508 1490 ferendum
1537 1447 1632 1490 ullo

141 1508 309 1552 modo:
342 1510 622 1567 periculique
655 1516 753 1555 tum
783 1513 1012 1569 privatim,
1039 1518 1131 1556 tum
1164 1515 1298 1558 etiam
1330 1515 1512 1571 publice
1541 1516 1632 1559 late

141 1579 358 1632 patentis.

201 1646 244 1690 1.
277 1646 415 1700 Nam,
456 1652 534 1692 ut²
567 1649 832 1705 Equitium⁸
875 1650 1029 1693 Firmo
1063 1651 1238 1694 Piceno
1269 1648 1523 1695 *monstrum
1558 1666 1631 1695 ve-

143 1716 285 1767 niens,
306 1716 496 1759 relatum
526 1718 622 1774 jam
644 1718 692 1760 in
722 1717 916 1773 hujusce
945 1719 1045 1762 libri
1067 1720 1300 1775 superiore
1339 1725 1480 1776 parte,
1518 1733 1636 1776 prae-

143 1786 340 1839 teream3
370 1786 501 1842 cujus
530 1787 579 1829 in
609 1786 925 1842 amplectendo
954 1787 1026 1830 Ti.
1045 1787 1259 1831 Graccho
1284 1794 1428 1844 patre,
1449 1789 1633 1834 evidens

142 1853 445 1906 mendacium,
465 1855 718 1898 turbulento
740 1855 864 1911 vulgi
886 1870 1047 1910 errore,
1070 1858 1355 1913 amplissima
1376 1859 1631 1901 tribunatus

143 1926 371 1977 potestate
398 1923 619 1966 vallatum
641 1930 739 1967 est:
773 1925 1083 1981 Herophilusb
1113 1928 1326 1983 equarius
1347 1927 1552 1969 medicus
1578 1926 1631 1970 C.

145 1990 344 2034 Marium
365 1993 536 2048 septies
568 1986 801 2036 consulem
832 2008 968 2037 avum
1000 1996 1089 2039 sibi
1109 1995 1379 2039 vindicando
1401 1996 1463 2038 ita
1484 2009 1532 2038 se
1553 2009 1632 2038 ex-

144 2058 266 2112 tulit,
306 2064 358 2103 ut
397 2061 589 2104 coloniae
627 2067 945 2106 veteranorum
985 2065 1256 2120 complures,
1300 2069 1348 2107 et
1385 2063 1633 2118 municipia

141 2128 401 2183 splendida,
438 2130 713 2187 collegiaque
748 2131 841 2175 fere
863 2133 1018 2175 omnia
1047 2137 1285 2189 patronum
1325 2129 1629 2188 adoptarent!

145 2194 271 2248 Quin
306 2199 443 2242 etiam
476 2213 577 2242 cum
616 2199 668 2242 C.
691 2198 864 2254 Caesar,
902 2201 983 2244 Cn.
1006 2202 1227 2259 Pompeio
1263 2204 1550 2249 adolescente
1583 2206 1630 2248 in

764 2331 1006 2344 eeeeeeeeeeee

186 2395 204 2425 1
231 2392 313 2427 Vet.
341 2394 395 2427 De
410 2394 471 2436 hia,
487 2395 541 2438 qui
567 2396 676 2440 infimo
703 2400 768 2432 loco
793 2401 863 2432 nati
891 2401 1053 2434 mendacio
1067 2411 1101 2433 se
1114 2401 1300 2433 clarissimis
1318 2400 1459 2439 familiis
1490 2400 1628 2432 inserere

146 2437 252 2468 conati
265 2441 361 2475 sunt:
388 2444 426 2472 et
442 2439 492 2472 sic
507 2440 578 2472 fere
594 2440 702 2474 Aldd.
719 2443 833 2476 Colin.
849 2444 985 2487 Gryph.
1001 2450 1038 2477 et
1055 2446 1245 2486 δίψη-2
1269 2444 1370 2486 Pigh.
1389 2445 1506 2477 Coler.
1521 2444 1628 2486 Thya.

146 2486 184 2511 et
198 2480 317 2515 ναι-ετ.
334 2481 419 2514 Nam
435 2492 484 2524 ne,
502 2489 627 2516 contra
649 2486 755 2518 codd.
779 2491 815 2520 et
840 2487 921 2520 edd.
952 2494 1038 2520 vett.
1076 2488 1164 2520 Mox
1192 2487 1282 2519 Dan.
1312 2487 1453 2526 Fen-mo,-
1481 2488 1629 2520 Levern.

146 2522 267 2566 Fumo,
290 2527 330 2558 ul.
356 2524 392 2558 in
408 2525 525 2560 Bitur.
551 2530 582 2561 1.
607 2529 706 2563 Leid.
725 2532 759 2563 4.
774 2536 811 2563 et
826 2531 950 2574 Ultraj.
971 2537 1000 2565 1.
1018 2532 1140 2564 Furnio
1162 2531 1291 2572 Ultraj.
1307 2533 1340 2563 2.
1366 2531 1478 2563 Firmo
1498 2531 1534 2564 in
1549 2530 1627 2563 aliis

818 2630 959 2664 NOTAE

189 2693 205 2710 ⁸
228 2689 409 2733 Equitium]
430 2691 523 2734 Lege
538 2702 617 2736 quae
631 2693 781 2728 diximus
796 2695 857 2729 lib.
915 2701 1047 2739 praeter
1057 2696 1234 2730 Valerium
1249 2696 1462 2737 meminerit,
1483 2696 1552 2739 legi
1568 2706 1628 2729 ne-

145 2748 204 2773 1¹1.
220 2750 299 2782 cap.
314 2743 346 2774 2.
361 2751 453 2775 num.
469 2746 523 2777 18.
914 2748 1052 2781 minem.
1095 2748 1222 2781 Cneius
1248 2748 1437 2790 Pompeius
1453 2748 1574 2790 Magni
1589 2747 1628 2779 fi-

190 2790 205 2812 b
229 2792 437 2835 Herophilus]
463 2795 531 2829 Qui
557 2796 740 2840 Herophili
766 2798 857 2831 illius
914 2799 978 2831 lius
994 2799 1036 2833 ad
1054 2799 1222 2833 Mundam
1240 2799 1351 2833 victus
1367 2804 1433 2833 est.

231 2846 348 2890 Delph.
362 2853 392 2881 et
408 2849 484 2883 γαῖ’.
504 2851 590 2884 Clas.
792 2852 862 2885 Val.
881 2854 975 2886 Max.
1466 2856 1485 2884 3
1512 2853 1539 2885 L
