1878 3132
264 191 373 224 cAP.
399 191 463 223 v1.
495 192 581 232 Qui
617 191 731 231 QUAE
764 190 816 222 ιΝ
855 189 988 222 Anus
1024 183 1495 233 VINDICARANT‚&c.
1538 180 1626 222 757

147 286 356 343 ligionem
371 294 567 332 vestram
583 290 614 318 ¹³
647 287 884 342 pertineat,
900 285 993 341 ipsi
1014 285 1320 328 aestimabitis:
1352 299 1436 340 ego
1453 285 1499 328 id
1520 299 1627 342 sup-

146 357 427 412 primendum
447 370 536 400 non
558 354 740 412 putavi.’
779 354 810 398 J
815 355 967 398 udices
982 368 1118 405 reum,
1133 355 1214 397 vix
1231 355 1396 397 auditis
1414 355 1575 398 ceteris
1591 360 1627 387 ¹⁴

145 426 358 477 testibuS,
379 426 716 469 damnaverunt.
776 425 936 468 Valuit
965 425 1085 467 enim
1118 423 1240 479 apud
1275 436 1372 474 eos»,
1407 436 1508 466 cum
1529 437 1623 466 am-

145 493 321 549 plitudo
341 495 439 545 viri,
458 499 554 536 tum
575 494 724 548 gravis
739 494 954 549 neglectae
975 492 1205 548 dignitatis
1227 491 1327 548 ejus
1346 492 1624 546 indignatio:

145 575 339 619 eumque
359 563 436 618 qui
457 564 658 606 venerari
678 564 906 619 principes
927 563 1132 614 nesciret,
1165 562 1210 604 in
1244 561 1480 617 quodlibet
1509 561 1623 604 faci-

143 645 230 674 nus
250 645 566 687 procursurum
585 631 899 675 crediderunt*

766 741 965 754 “nm
969 741 1008 753 Ν

145 812 185 842 13
208 809 322 842 Bitur.
340 813 370 842 1.
385 813 536 851 nostram,
559 809 649 853 quod
664 810 826 852 Sigonius
841 810 962 842 malit:
987 808 1120 842 Gudius
1136 807 1230 841 delet
1245 816 1323 840 cum
1341 806 1442 840 Harl.
1460 807 1520 840 sed
1538 808 1623 841 reti-

141 853 292 885 nendum
309 859 435 895 putant
448 855 593 887 Torren.
608 859 644 886 et
661 855 863 896 Kapp.-l4
888 854 1016 895 Copes.
1032 858 1069 886 et
1084 853 1166 885 Par.
1191 855 1223 884 l.
1237 854 1271 884 2.
1293 851 1415 884 delent
1436 850 1476 883 τὸ
1498 853 1624 894 ceteris,

143 897 234 937 quod
250 906 316 930 non
333 897 506 939 improbat
523 897 684 930 Perizon.
707 898 765 931 vix
785 897 907 929 additis
933 896 1048 929 ceteris
1070 896 1178 928 Barb.
1203 899 1234 928 l.
1261 895 1375 929 Βίων.
1403 901 1441 929 et
1464 895 1563 930 Leid.
1588 900 1621 931 5.

140 940 279 973 Deinde
293 950 356 983 pro
369 942 597 974 damnaverunt
610 941 767 984 plerique
784 940 887 973 codd.
903 940 1050 973 Torren.
1067 941 1271 972 damnarunt,

812 1028 956 1062 NOTAE

158 1124 161 1126 ,
182 1100 197 1131 t
211 1093 278 1127 An.
290 1094 340 1128 M.
355 1097 454 1128 3991.
479 1094 539 1128 ΟΙ.
556 1098 630 1129 179.
647 1098 678 1128 2.
705 1094 793 1127 Urb.
810 1095 850 1128 C.
864 1096 944 1128 694.
958 1093 1044 1128 Ant.
1058 1094 1122 1128 Ch.
1138 1095 1193 1127 62.

745 1366 887 1410 CAP.
922 1367 1007 1409 vl.
1055 1354 1062 1358 '

237 1499 356 1562 QUI
388 1498 543 1552 QUAE
574 1499 648 1543 IN
680 1499 852 1543 ALIIS
884 1498 1358 1544 VINDICARANT
1387 1499 1517 1544 IPSI

627 1578 1129 1624 COMMISERUNT.

157 1708 174 1737 1
200 1705 240 1738 C.
286 1704 409 1737 icinius
426 1704 696 1746 Hoplomachus.
924 1706 944 1736 3
970 1703 1009 1736 C.
1035 1703 1185 1737 Licinius
1199 1703 1328 1737 Calvus
1343 1703 1451 1737 Stolo.

154 1751 176 1780 2
199 1748 238 1782 C.
251 1748 384 1781 Marius
399 1748 478 1781 eos.
491 1751 524 1782 6.
924 1750 946 1780 ⁴¹
969 1748 1015 1782 Q.
1026 1748 1153 1781 Varius
1170 1747 1342 1791 Hybrida.

191 1860 271 1903 NE
293 1861 396 1903 illos
417 1860 596 1916 quidem
618 1859 756 1902 latere
776 1860 1019 1914 patiamur,
1041 1859 1134 1915 qui,
1156 1872 1258 1915 quae
1280 1859 1325 1901 in
1346 1859 1450 1903 aliis
1469 1859 1613 1902 vindi-

130 1935 299 1982 carant,
319 1930 410 1985 ipsi
431 1929 763 1971 commiserunt.

188 1998 230 2039 1.
261 1998 312 2041 C.
343 1998 573 2040 Licinius¹
625 1997 892 2052 cognomine
939 1996 1305 2053 Hoplomachus,
1355 2009 1385 2040 a
1415 2000 1610 2052 praetore

129 2067 392 2122 postulavit,
413 2072 466 2108 ut
485 2067 605 2122 patri
626 2080 710 2109 suo
733 2067 880 2119 bonis,
899 2070 1112 2122 tanquam
1131 2079 1185 2108 ea
1205 2065 1461 2122 dissipanti,
1482 2067 1612 2110 inter-

129 2135 368 2178 diceretur.
448 2135 506 2188 Et
539 2135 750 2191 quidem²
802 2135 923 2191 quod
958 2136 1165 2191 petierat,
1200 2135 1485 2190 impetravit:
1528 2135 1610 2179 sed

128 2204 231 2258 ipse
271 2218 412 2261 parvo
452 2208 561 2260 post
597 2210 811 2260 tempore,
852 2209 1030 2247 mortuo
1073 2217 1193 2256 sene,
1225 2204 1422 2259 amplam
1456 2205 1515 2248 ab
1555 2218 1608 2247 eo

127 2272 327 2316 relictam
367 2274 621 2330 pecuniam,
652 2273 1013 2330 latifundiaque,³
1064 2273 1322 2316 festinanter
1350 2274 1607 2317 consumsit.

744 2383 991 2396 ΟΝΟΜΡΜΟ

172 2452 188 2482 1
213 2450 224 2467 ‘
243 2447 414 2488 Ultraj.1.
430 2451 463 2480 2.
497 2448 534 2480 C.
552 2448 718 2481 Lucium.
763 2448 963 2491 Cognomen
989 2449 1024 2480 in
1049 2447 1152 2481 codd.
1178 2448 1273 2481 varie
1299 2452 1503 2490 corruptum
1530 2454 1606 2489 est;

126 2493 188 2524 sed
206 2492 255 2524 ita
272 2497 310 2523 ut
328 2491 371 2523 ab
383 2491 619 2533 Hoplomachus
634 2491 852 2525 librariorum
869 2502 988 2525 manus
1004 2492 1071 2524 levi
1086 2492 1223 2525 deflexu
1237 2492 1444 2533 aben-arim,
1460 2493 1607 2526 aliorum

125 2534 249 2568 aliter)
276 2535 472 2567 Turrem—2
496 2535 629 2567 Omnes
646 2535 747 2569 codd.
761 2537 908 2569 Torren.
923 2546 1000 2569 cum
1017 2537 1101 2568 Vet.
1118 2542 1154 2568 et
1181 2536 1279 2577 Mog.
1307 2535 1474 2577 Equidem.
1519 2537 1607 2569 Mox

124 2579 207 2611 edd.
223 2585 304 2611 aute
318 2578 492 2620 Pighium,
505 2582 614 2620 postea
628 2582 845 2621 tempora—3
862 2580 920 2612 Ita
936 2580 1078 2622 Pighius
1095 2589 1139 2611 ex
1152 2579 1274 2620 Camp.
1290 2584 1327 2611 et
1340 2579 1427 2611 aliis.
1472 2578 1583 2612 Aldus
1594 2592 1605 2614 ε

124 2623 228 2662 ampla
252 2621 291 2653 ab
315 2631 350 2653 εο
375 2623 485 2655 relicta
503 2622 701 2662 latifundia,-
724 2623 844 2657 Codex
869 2623 1099 2662 coloniensis,
1124 2627 1162 2655 ut
1179 2621 1322 2664 Pighius
1340 2626 1512 2655 testatur:
1535 2634 1603 2656 am-

122 2666 208 2706 plum
223 2663 262 2695 ub
277 2673 311 2695 eo
333 2665 475 2697 relictam
499 2667 685 2707 pecuniam,·
707 2670 715 2684 ‘
733 2667 805 2700 Bit.
833 2668 934 2710 prim.
956 2667 1062 2708 ampla
1086 2665 1125 2697 ab
1151 2675 1185 2699 eo
1210 2666 1323 2699 relicta
1336 2665 1479 2705 sundia:
1502 2666 1603 2701 Harl.

126 2708 224 2741 Laid.
251 2712 288 2739 et
316 2707 427 2740 Paris.
454 2718 540 2740 unus
565 2709 682 2741 delent
706 2710 898 2751 latifundia:
920 2710 1050 2751 Ultraj.
1077 2709 1178 2751 prim.
1201 2710 1337 2750 amplam
1357 2709 1396 2741 ab
1410 2719 1445 2741 eo
1459 2709 1603 2743 relictam

122 2750 351 2790 latifundiam5
375 2750 472 2783 Leid.
498 2753 607 2793 quint.
631 2754 766 2794 amplam
792 2754 831 2786 ab
857 2764 892 2786 eo
917 2754 1061 2785 relictum
1087 2753 1277 2795 ρει-κώπη
1309 2752 1395 2794 Cop.
1426 2757 1463 2785 et
1489 2753 1600 2789 Paris.

123 2800 239 2838 quart.
261 2794 397 2836 amplam
411 2794 450 2826 ab
466 2804 501 2828 eo
516 2797 658 2829 relictam
665 2796 877 2837 facultatem,·
899 2797 1024 2839 Ultraj.
1038 2805 1110 2830 sec.
1122 2796 1228 2839 ampla
1240 2796 1280 2828 ab
1293 2806 1329 2829 eo
1342 2797 1454 2830 relicta
1466 2798 1600 2840 proedia,
