1878 3132
394 195 503 228 cst.
528 194 636 227 vm.
668 193 732 226 nu
763 192 975 227 severus
1006 192 1271 227 ruffinus
1485 184 1574 229 577

107 293 241 338 domo
260 304 360 335 mea
380 292 608 347 indignum
630 291 807 348 judico,
837 290 1132 346 protinusque
1165 305 1190 334 e
1212 294 1458 346 conspectu
1478 304 1579 334 meo

104 362 228 405 abire
242 360 410 419 jubeo!
467 361 584 404 Tam
614 361 728 404 tristi
759 360 900 416 patris
922 359 1143 403 sententia
1163 360 1417 415 perculsus⁹
1460 360 1580 404 Sila-

103 444 204 485 nuS,
225 431 371 474 lucem
397 431 585 474 ulterius
616 430 778 472 intueri
797 442 887 472 non
918 428 1140 480 sustinuit,
1174 428 1508 485 suspendioque
1531 443 1580 472 se

103 501 314 555 proxima
331 502 466 543 nocte
487 499 752 542 consumsit.
796 499 1030 553 Peregerat
1042 497 1140 554 Jam
1156 497 1418 552 Torquatus
1434 498 1580 540 severi

106 572 152 612 et
185 569 379 624 religiosi
410 569 580 625 judicis
614 573 791 624 partes:
836 566 1119 611 satisfactum
1158 570 1256 608 erat
1290 565 1550 621 reipublicae
1569 580 1580 609 ε

101 637 293 681 habebat
311 638 527 681 ultionem
558 637 857 680 Macedonia:
889 636 1039 691 potuit
1068 639 1162 678 tam
1181 634 1432 677 verecundo
1453 635 1580 677 obitu

105 703 188 749 filii
218 707 360 762 patris
390 706 561 749 inflecti
590 707 734 761 rigor:
778 711 827 748 at
853 705 932 748 ille
948 710 982 730 ¹0
1011 717 1154 760 neque
1173 704 1477 746 adolescentis
1499 717 1580 746 ex-

106 774 253 831 equiis
271 775 483 828 interfuit,
505 779 551 819 et
582 789 686 819 cum
706 775 905 818 maxime
936 774 1070 817 funus
1091 774 1188 830 ejus
1208 772 1449 824 duceretur,
1472 786 1581 816 con-

106 843 251 886 sulere
268 857 317 886 se
336 844 608 896 volentibus,
629 857 798 887 vacuas
819 844 952 886 aures
973 841 1349 885 accommodavit.
1381 841 1582 884 Videbat

105 910 226 954 enim
247 924 297 954 se
317 911 365 953 in
383 925 438 954 eo
457 912 573 954 atrio
596 912 865 962 consedisse,
885 912 929 953 in
950 925 1041 966 quo
1069 911 1303 966 Imperiosi
1325 910 1451 952 illius
1467 909 1580 953 Tor—

103 979 231 1036 quati
245 981 275 1005 ¹¹
308 981 548 1023 severitate
569 981 820 1036 conspicua
840 981 989 1035 imago
1003 981 1154 1035 posita
1176 983 1293 1022 erat:
1326 979 1580 1034 prudentis-

104 1049 309 1106 simoque
328 1049 425 1093 viro
446 1051 753 1102 succurrebat,
773 1049 941 1104 effigies
961 1049 1178 1105 majorum
1198 1063 1299 1092 cum
1321 1050 1463 1091 titulis
1484 1050 1579 1091 suis

102 1117 275 1162 idcirco
293 1119 339 1161 in
356 1119 501 1174 prima
521 1119 687 1162 aedium
706 1124 830 1175 parte
849 1119 956 1175 poni
977 1119 1139 1171 solere,
1160 1123 1209 1161 ut
1227 1132 1379 1161 eorum
1392 1119 1581 1162 virtutes

102 1187 277 1243 posteri
293 1200 381 1230 non
399 1187 543 1230 solum
562 1189 771 1243 legerent,
789 1188 869 1231 sed
891 1189 1025 1231 etiam
1046 1189 1351 1230 imitarentur.‡

160 1256 204 1297 4.
235 1254 302 1296 Μ.
321 1267 426 1298 vero
447 1254 680 1309 ScauruS,‘¹
706 1257 857 1302 lumen
890 1270 945 1299 ac
966 1256 1105 1299 decus
1124 1256 1303 1312 patriae,
1330 1268 1433 1299 cum
1455 1255 1581 1310 apud

104 1322 310 1367 Athesim
325 1330 341 1348 ⁰
386 1325 550 1368 flumen
587 1326 758 1382 impetu
806 1326 1086 1369 Cimbrorum
1135 1325 1333 1368 Romani
1380 1311 1555 1380 equites
1570 1331 1587 1358 f

105 1391 242 1448 pulsi,
263 1392 442 1436 deserto
463 1394 683 1449 [procos]
704 1394 917 1447 Catulo,¹²
949 1394 1119 1437 Urbem
1136 1394 1293 1450 pavidi
1305 1398 1579 1450 repeterent,

106 1462 482 1505 consternationis
495 1476 645 1506 eorum
660 1465 872 1520 participi
886 1464 980 1507 filio
997 1477 1080 1507 suo
1095 1465 1230 1515 misit,
1243 1464 1319 1520 qui
1334 1464 1578 1515 dicerent‚¹³

107 1528 348 1574 ‘libentius
369 1543 420 1574 se
450 1532 498 1574 in
533 1532 631 1576 acie
662 1533 761 1589 ejus
795 1533 1015 1578 interfecti
1051 1532 1235 1576 ossibus
1271 1545 1579 1583 occursurum,

105 1717 204 1752 codd.
217 1729 255 1752 uc
269 1720 365 1752 tertio
378 1720 431 1753 die
443 1721 701 1763 plenissimae—9
715 1721 784 1754 Sex
800 1721 1051 1754 codd-Torren.
1064 1725 1102 1753 nt
1112 1720 1223 1753 Aldus
1236 1721 1364 1763 aliique
1377 1721 1579 1760 ediderunt,

101 1771 276 1803 percussus.
319 1763 407 1796 Mox
432 1774 496 1806 pro
519 1765 640 1797 intueri
667 1765 746 1797 Vet.
773 1765 981 1797 sidera—10
1008 1765 1139 1797 Eadem
1161 1765 1243 1797 Vet.
1268 1765 1370 1797 atille
1385 1765 1576 1799 delet.—ll

104 1804 198 1838 Edd.
222 1810 310 1839 vett.
336 1812 418 1839 ante
444 1807 543 1850 Pigh.
567 1808 655 1840 iuius
672 1808 853 1850 Imperiossi
871 1809 1044 1850 Torquati:
1066 1809 1190 1851 CopeS.
1215 1808 1382 1850 Imperiosi
1395 1809 1483 1841 illius
1502 1810 1580 1842 Tm·-

102 1849 205 1890 quati.
250 1849 320 1882 Hic
342 1849 428 1883 ordo
456 1850 492 1883 in
527 1851 762 1894 compluribus
793 1852 996 1884 observatur
1026 1852 1114 1885 Mss.
1167 1851 1252 1883 Mox
1288 1853 1575 1894 quemadmodum

103 1891 289 1925 duodecim
303 1893 390 1926 Mas.
405 1903 524 1927 omues
538 1899 622 1927 ante
637 1895 798 1936 Pighium
815 1895 905 1928 Edd.
931 1896 1062 1928 habent
1076 1896 1197 1938 effigies
1220 1905 1344 1926 suornm
1367 1896 1578 1936 majorum.—

103 1937 146 1968 12
176 1934 236 1968 Sic
262 1935 367 1969 edere
395 1938 527 1979 placuit
551 1938 689 1980 Pighio.
716 1939 876 1972 Vetustae
904 1939 1005 1971 editt.
1030 1940 1164 1971 consule.
1207 1938 1277 1970 Sex
1297 1939 1385 1971 Mss.
1402 1949 1479 1971 cum
1495 1941 1576 1972 Vet.

102 1977 236 2011 delent.
261 1984 371 2013 recte.
414 1981 531 2023 Major
559 1991 640 2024 pars
660 1982 747 2014 Mss.
763 1991 840 2014 cum
857 1983 954 2024 Mog.
970 1984 1094 2014 deserto
1109 1982 1221 2014 Catulo
1235 1983 1369 2022 consule,
1393 1993 1436 2014 ex
1454 1984 1577 2024 glossa.

101 2020 190 2064 [Sex
213 2022 358 2056 Torren.
381 2032 505 2056 nomen
525 2026 748 2067 magistratus
764 2026 952 2058 omittunt:
976 2025 1107 2058 Medic.
1134 2028 1166 2057 2.
1188 2025 1351 2058 exhibet:
1388 2027 1430 2063 Q.
1450 2027 1576 2059 Catullo

99 2064 251 2106 consuta]
295 2065 381 2098 Mox
398 2076 461 2108 pro
476 2068 739 2100 consternationis
752 2078 859 2101 eorum
874 2074 996 2101 contra
1013 2070 1164 2101 omnium
1190 2068 1290 2100 codd.
1319 2074 1357 2101 et
1384 2069 1461 2101 edd.
1489 2075 1574 2103 vett.

100 2105 206 2140 fidem
222 2107 365 2150 Pighius
381 2110 552 2154 ediderat,
573 2113 854 2159 consumationem
868 2112 1036 2152 &ua—13
1061 2113 1198 2146 Novem
1221 2111 1322 2145 codd.
1348 2123 1426 2146 cum
1442 2114 1522 2147 Vet.
1537 2119 1575 2148 et

765 2203 907 2238 NOTAE

141 2281 158 2316 ξ
174 2275 242 2309 An.
255 2277 306 2309 M.
323 2279 421 2311 3914.
442 2277 502 2311 Ol.
519 2281 593 2312 16⁰.
610 2282 640 2312 1.
666 2280 754 2314 Urb.
768 2281 808 2315 C.
863 2285 937 2315 tate
973 2282 1159 2316 clamorem
1189 2282 1398 2317 horrendum
1436 2283 1572 2324 tollere,

96 2329 174 2361 618.
195 2327 279 2361 Ant.
295 2329 358 2362 Ch.
374 2332 451 2362 139.
862 2339 1050 2366 concutere
1086 2338 1240 2376 pontem,
1287 2332 1430 2366 fluvium
1467 2334 1573 2375 saxis,

139 2377 156 2399 θ
180 2379 232 2411 M.
249 2389 323 2412 vero
347 2379 501 2427 Scaurus]
535 2381 684 2415 Senatus
711 2383 806 2425 prin·
862 2385 1008 2426 truncis,
1052 2385 1232 2418 arboribus
1270 2386 1431 2427 replere;
1475 2385 1571 2428 quod

97 2437 206 2480 ceps,'
217 2429 262 2462 de
293 2440 360 2473 quo
386 2431 490 2465 sicuti
519 2432 563 2465 de
591 2433 714 2466 Catulo
729 2434 805 2477 jam
862 2438 998 2468 tantum
1024 2440 1193 2468 terrorem
1224 2435 1385 2481 Romanis
1413 2436 1572 2477 incussit,

94 2480 232 2522 saepius.
858 2489 897 2517 ut
915 2486 1071 2528 plerique
1087 2485 1236 2519 desertis
1260 2491 1297 2518 et
1311 2486 1433 2519 castris
1450 2490 1487 2518 et
1500 2486 1569 2528 sig·

137 2534 153 2552 ⁸
173 2531 335 2575 Athesim]
372 2533 495 2567 Galliae
525 2535 709 2578 Cisalpinae
739 2535 802 2569 flu·
856 2538 922 2578 nis,
936 2537 1120 2580 fugerent:
1145 2548 1231 2581 quos
1247 2538 1391 2570 Catulus
1408 2548 1486 2570 curn
1501 2548 1567 2571 nec

95 2579 202 2615 vium.
245 2583 299 2615 Ex
320 2584 532 2618 Tridentinis
555 2586 700 2628 Alpibus
723 2597 801 2629 pro·
856 2589 1019 2630 precibus
1032 2598 1096 2622 uec
1110 2589 1268 2631 lacrymis
1281 2589 1430 2621 retinere
1440 2594 1568 2631 posset,

93 2629 193 2672 fluit;
221 2634 422 2669 Tridentum
436 2637 677 2680 veronamque
689 2639 800 2672 alluit.
855 2649 973 2673 eorum
991 2641 1114 2683 pudori
1130 2641 1325 2680 consulens,
1339 2649 1376 2672 se
1392 2638 1485 2682 fugae
1501 2640 1564 2673 du-

93 2680 210 2715 Hodie
225 2685 342 2726 Adige.
855 2701 932 2724 cem
949 2691 1122 2733 praebuit;
1148 2701 1192 2723 ne
1211 2690 1346 2732 fugere,
1360 2690 1421 2723 sed
1437 2690 1563 2725 ducem

138 2731 153 2752 f
171 2734 305 2768 Romani
320 2738 453 2779 equites]
474 2738 633 2772 Athesim
656 2741 799 2774 Catulus
854 2742 951 2784 sequi
967 2742 1178 2775 viderentur.

96 2782 244 2817 Cimbris
268 2786 459 2828 objecerat:
497 2791 598 2823 atilli
614 2792 702 2824 mira
717 2792 798 2825 feri-

181 2838 304 2881 Detpk.
317 2844 349 2873 et
371 2841 447 2876 ναν.
463 2844 549 2876 Clas.
736 2846 806 2879 Vol.
821 2848 915 2880 Max.
1395 2851 1415 2880 2
1440 2847 1471 2879 Ο
