1878 3132
240 160 326 203 538
637 171 844 205 vAnan
881 174 1077 206 MAlel
1115 175 1212 208 mn.
1244 177 1291 208 v.

238 272 373 324 atque
396 267 632 323 imaginem
663 267 917 325 imposuit*
969 271 1095 314 Idem
1120 285 1245 315 saeva
1258 277 1292 303 ⁵³
1325 273 1626 328 potentissimi
1646 285 1711 317 re-

239 337 307 391 gis
346 337 520 380 Minois
555 338 776 394 imperiav
813 340 1001 382 vixdum
1041 346 1174 384 aetate
1215 342 1491 396 pubescente
1531 343 1712 399 repulit.

239 405 367 448 Idem
387 406 659 450 effraenatam
680 408 936 451 Thebarum
951 414 987 441 ⁵4
1016 410 1338 453 insolentiam*
1366 411 1553 455 domuit.
1583 411 1712 456 Idem

236 487 366 530 opem
397 475 550 518 liberis
573 476 817 520 Herculisx
847 479 960 530 tulit,
982 484 1027 522 et
1058 480 1273 535 quicquid
1303 481 1472 536 ubique
1500 481 1714 524 monstri5

234 546 312 586 aut
341 545 520 587 sceleris
551 545 647 597 fuit,
675 546 836 589 virtute
873 549 1010 590 animi
1042 562 1096 591 ac
1126 551 1284 592 robore
1316 542 1492 592 dextrae
1524 549 1711 592 commi-

231 612 337 654 nuit.
398 613 550 670 Hujus
581 618 728 656 tamen
761 617 973 658 summoti
1013 617 1070 659 ab
1105 616 1471 670 AtheniensibuS,
1511 619 1710 675 Scyros²

231 682 365 724 exule
380 686 416 712 5⁵
446 683 614 725 minora
642 684 800 735 insula,
822 698 927 727 ossa
961 687 1116 728 mortui
1139 688 1270 742 cepit.
1329 687 1359 730 J
1364 701 1434 730 am
1452 688 1610 738 Solon,
1633 688 1710 744 qui

231 752 323 793 tam
354 751 609 805 praeclaras,
633 756 814 808 tamque
838 754 976 796 utiles
998 754 1345 799 Atheniensibus
1363 756 1484 812 leges
1506 757 1624 808 tulit,
1639 761 1706 808 ut,

229 818 272 860 si
293 818 360 860 his
381 825 592 875 perpetuo
613 822 680 863 uti
702 823 964 875 voluissent,
985 824 1301 879 sempiternum
1330 826 1523 868 habituri
1547 824 1710 868 fuerint

230 886 492 942 imperium:
524 891 599 945 qui
621 891 850 934 Salamina
866 890 881 915 b
911 893 1031 934 velut
1050 893 1258 935 hostilem
1282 907 1427 936 arcem
1448 907 1509 936 ex
1524 893 1707 949 propin-

231 968 323 1011 quo
345 957 479 1001 saluti
508 971 656 1001 eorum
689 960 987 1003 imminentem
1017 963 1346 1018 recuperavit:c
1375 963 1453 1018 qui
1477 963 1706 1006 Pisistrati

848 1080 1084 1094 mmuoaeo

229 1161 360 1196 habent
378 1168 474 1196 recte
501 1166 742 1208 separatimque.
767 1166 866 1201 Leid.
879 1171 911 1201 7.
929 1167 1033 1202 habet
1049 1169 1152 1202 etiam
1171 1180 1235 1211 pro
1251 1180 1284 1203 ν.
1301 1171 1325 1203 1.
1345 1171 1576 1212 sparsim—53
1603 1171 1703 1204 Idem-

228 1216 287 1248 que
300 1217 373 1240 seva
391 1208 490 1240 Harl.
516 1209 605 1242 Idem
620 1211 716 1242 etiam
730 1221 811 1252 saepe
828 1211 935 1244 Barb.
955 1215 1075 1245 1.-64
1097 1213 1155 1245 Sic
1181 1214 1370 1246 Torrenius
1398 1214 1605 1247 auctoritate
1632 1224 1705 1248 om·

228 1250 319 1282 nium
338 1252 421 1284 Mss.
437 1257 472 1283 et
485 1252 587 1286 editt.
603 1254 781 1296 rescripsit
798 1265 858 1296 pro
888 1255 1115 1297 Thebanorum,
1140 1258 1230 1299 quod
1257 1268 1275 1289 a
1302 1258 1426 1299 Pighio
1441 1262 1529 1291 erat.
1576 1258 1703 1291 Omnia

228 1303 311 1326 vero
328 1294 400 1330 haec
415 1304 423 1325 t
447 1296 538 1328 Idem
553 1296 741 1338 effrenatam
759 1298 794 1330 T.
811 1298 832 1330 i.
849 1300 878 1330 d.
902 1299 932 1331 1.
948 1310 978 1332 o.
994 1299 1015 1332 l.
1041 1299 1090 1332 H.
1107 1302 1194 1342 tulit,
1219 1301 1343 1333 omissa
1365 1306 1444 1334 sunt
1461 1302 1494 1334 in
1513 1301 1700 1334 Ham-55

228 1337 391 1380 Quinque
409 1338 511 1371 codd.
527 1340 675 1374 Torren.
702 1341 831 1374 exulis.-
857 1342 953 1385 Mog.
970 1343 1076 1376 habet
1092 1355 1100 1376 :
1127 1344 1219 1376 Tiros
1244 1345 1346 1377 insula
1367 1345 1470 1378 minor
1491 1346 1593 1379 exulis
1607 1354 1704 1383 ossa,-

891 1451 1032 1484 NOTAE

267 1534 288 1554 ¹⁸
310 1533 379 1567 An.
397 1535 448 1568 M.
465 1538 564 1568 2833.
582 1535 668 1570 Ant.
682 1536 745 1570 Ch.
763 1540 859 1571 1220.
991 1548 1052 1571 nos
1080 1539 1316 1582 Periphatem,
1344 1539 1487 1582 Sinnim,
1511 1539 1700 1583 Scyronem

266 1589 282 1607 V
305 1586 428 1618 Minois
453 1587 603 1629 imperia]
635 1587 841 1631 Androgeos
867 1588 934 1621 Mi-

223 1635 297 1669 nois
323 1636 414 1669 filius
443 1638 485 1670 ab
508 1638 776 1673 Atheniensibus
803 1641 935 1673 occisus

223 1694 298 1728 est;
322 1688 436 1721 Minos
457 1689 577 1731 AEgaeo
598 1690 722 1723 Thesei
747 1692 839 1734 patri
863 1691 934 1724 bel-

221 1740 291 1772 lum
309 1739 447 1773 intulit:
474 1751 540 1783 pax
555 1751 596 1774 ea
623 1742 699 1784 lege
717 1743 849 1776 sancita
865 1749 932 1784 est,

223 1794 263 1823 nt
279 1795 412 1832 septem
423 1792 572 1833 juvenes
592 1794 778 1835 quotannis
801 1795 834 1826 in
861 1805 931 1827 ser-

221 1842 368 1874 vitutem
385 1842 429 1874 ad
447 1842 568 1874 Minoa
582 1843 825 1876 mitterentur:
850 1845 930 1877 mis-

220 1901 277 1924 sns
303 1902 392 1924 anno
417 1893 522 1925 tertio
546 1894 713 1935 Theseus,
742 1896 800 1938 qui
827 1896 931 1929 bene·

220 1942 300 1975 ficio
331 1943 502 1976 Ariadnes
530 1945 595 1977 sibi
632 1945 714 1989 fuga
745 1948 930 1981 consuluit.

219 1994 324 2027 Unde
358 1996 454 2028 locus
487 1996 614 2030 fabulae
653 1998 697 2030 de
733 1999 930 2041 labyrintho

220 2049 333 2082 datus.

272 2102 293 2122 ff
318 2102 493 2134 Thebarum
509 2102 725 2144 insolentiam]
749 2102 835 2135 Cum
853 2104 929 2136 Rex

218 2153 462 2189 Thebanorum
496 2155 609 2186 Creon
644 2154 858 2195 prohiberet,
884 2166 927 2188 ne

218 2216 365 2247 corpora
393 2215 522 2246 eorum,
546 2205 604 2249 qui
635 2205 669 2237 in
702 2205 792 2238 bello
823 2207 928 2240 Ethe-

218 2257 304 2290 oclis
320 2262 356 2289 et
373 2257 549 2299 Polynicis
573 2257 786 2298 ceciderant,
804 2259 929 2300 sepeli-

218 2312 362 2347 rentur;
386 2311 596 2339 mortuorum
623 2312 658 2338 et
680 2317 803 2340 uxores
826 2313 863 2340 et
889 2309 926 2340 li-

218 2359 294 2392 beri
306 2358 513 2400 confugiunt
529 2359 571 2391 ad
585 2359 767 2401 Theseum,
782 2361 840 2403 qui
858 2362 927 2393 vic-

219 2410 263 2441 tis
279 2409 452 2441 Thebanis
467 2419 612 2451 corpora
638 2410 707 2442 suis
726 2411 928 2452 sepelienda

217 2461 376 2493 tradidit.

260 2517 277 2534 ¹
302 2514 401 2554 Opem
419 2511 528 2544 liberis
542 2511 706 2553 Herculis]
728 2513 796 2547 Qui
819 2513 926 2546 Athe-

218 2573 278 2595 nas
295 2564 337 2595 ad
362 2574 453 2595 aram
471 2562 724 2595 Misericordiae
741 2563 925 2606 t'ugerant3

216 2615 307 2657 quod
322 2615 420 2646 multi
437 2615 479 2646 ab
497 2614 650 2646 Hercule
665 2614 791 2657 injuria
805 2614 924 2647 affecti

217 2666 293 2698 illos
311 2669 610 2707 persequerentur.

260 2720 275 2743 v
300 2715 457 2756 Quicquid
481 2715 593 2757 ubique
616 2715 764 2757 monstri]
795 2717 925 2749 Tauros

218 2765 474 2799 Marathonium
490 2770 527 2798 et
547 2766 772 2811 Cretensem;
794 2768 924 2810 Tyran-

989 1595 1027 1623 et
1042 1591 1281 1623 Procrustem.

1033 1647 1046 1663 ²
1069 1641 1198 1684 Scyros]
1222 1641 1340 1674 Insula
1353 1645 1472 1674 eontra
1484 1641 1699 1683 Magnesiam

989 1691 1023 1725 in
1039 1694 1124 1726 mari
1142 1693 1281 1735 AEgaeo;
1317 1702 1386 1725 una
1408 1702 1452 1724 ex
1478 1692 1700 1735 Cycladibus.

991 1745 1024 1776 N
1028 1754 1093 1776 unc
1109 1744 1220 1787 Scyro.

1030 1800 1047 1817 ²
1070 1797 1175 1828 Eaeule
1195 1794 1314 1837 minor]
1351 1795 1436 1827 Cum
1466 1794 1540 1836 ipse
1566 1793 1697 1837 primns

987 1847 1193 1881 Ostracismi
1210 1849 1320 1888 legem
1337 1846 1528 1887 statuisset,
1550 1855 1614 1887 per
1629 1845 1697 1888 sig-

985 1908 1030 1931 na
1045 1903 1215 1931 testarum
1232 1898 1369 1940 ejectus
1385 1902 1453 1937 est,
1469 1906 1511 1928 ex
1524 1896 1695 1929 Eusebio:

985 1949 1077 1992 quod
1090 1949 1195 1982 etiam
1205 1949 1337 1980 indicat
1350 1948 1569 1980 Plutarchus.
1585 1947 1697 1980 Paulo

985 2006 1065 2043 post
1098 1999 1303 2043 Lycomedis
1328 1999 1444 2041 jussu,
1479 1999 1538 2040 qui
1570 1998 1632 2030 hac
1658 1998 1695 2031 in

985 2052 1093 2085 insula
1121 2057 1193 2084 tum
1226 2050 1435 2092 imperabat,
1468 2049 1511 2082 de
1539 2059 1625 2092 rupe
1659 2050 1694 2082 in

985 2114 1141 2146 praeceps
1158 2107 1253 2135 actus
1270 2106 1335 2134 est.

1026 2155 1041 2178 ²·
1063 2153 1242 2195 Salamina]
1275 2153 1428 2185 Insulam
1456 2151 1603 2184 Euboici
1625 2161 1695 2184 ma·

984 2207 1031 2239 ris
1045 2206 1079 2238 in
1097 2205 1172 2238 sinu
1189 2204 1369 2237 Saronico.
1407 2202 1522 2235 Hodie
1541 2202 1664 2235 Caluri.

1027 2261 1042 2279 ⁰
1065 2255 1291 2298 Recuperavit]
1312 2253 1454 2288 Jamdiu
1475 2258 1599 2286 contra
1613 2254 1692 2287 Me-

983 2317 1143 2351 garenses
1164 2307 1208 2339 de
1225 2305 1354 2339 Satami
1384 2308 1574 2347 pugnatum
1603 2309 1694 2346 erat,

983 2371 1057 2392 cum
1077 2359 1222 2391 vetitum
1239 2360 1305 2397 est,
1316 2366 1360 2388 ne
1375 2356 1451 2398 quis
1468 2356 1510 2387 de
1519 2356 1586 2388 hoc
1600 2355 1692 2389 bello

983 2410 1179 2443 renovando
1199 2409 1308 2448 legem
1331 2406 1465 2438 ferret:
1490 2411 1562 2438 tum
1582 2406 1690 2439 Solon

982 2462 1141 2493 simulata
1157 2459 1332 2491 dementia
1349 2457 1502 2490 versibus
1514 2457 1692 2498 incompo-

981 2512 1054 2544 sitis
1071 2512 1197 2543 bellnm
1219 2509 1340 2540 suasit.
1387 2507 1511 2549 Itaque
1538 2500 1689 2539 omnium

980 2562 1140 2595 accendit
1157 2561 1299 2599 animos,
1316 2563 1353 2590 ut
1367 2558 1544 2599 extemplo
1561 2557 1688 2589 benum

980 2614 1241 2651 decerneretur,
1258 2610 1436 2651 insulaque
1450 2608 1596 2640 devictis
1611 2608 1690 2640 hos-

978 2663 1070 2696 tibus
1101 2662 1335 2694 Athenienses
1365 2659 1574 2700 petirentur.
1633 2658 1687 2691 De

979 2713 1156 2747 Pisistrati
1174 2710 1355 2754 tyrannide
1367 2710 1439 2751 jam
1462 2709 1599 2751 saepius.
