1878 3132
511 195 618 227 cAr.
642 194 709 226 iv.
744 192 808 225 nn
840 191 1107 223 AVARrrlA.
1494 177 1579 222 851

104 297 346 347 lucrorum,
374 293 624 337 manifestae
659 291 828 348 praedae
862 289 1126 333 avidissima
1161 301 1354 343 vorago3
1383 301 1464 331 nec
1499 287 1580 330 ha-

104 364 243 408 bendi
262 363 412 407 fructu
428 362 555 414 felix,
577 366 624 404 et
642 360 895 416 cupiditate
915 357 1146 414 quaerendi
1166 358 1426 401 miserrima.

162 435 205 476 1.
234 432 349 476 Cum
370 431 612 475 admodum
640 429 856 485 lucupleti
877 428 931 471 L.
955 426 1162 469 Minucio
1195 426 1385 469 Basflo⁸
1413 426 1581 468 falsum

103 506 416 546 testamentum
445 500 629 556 quidam
659 500 707 541 in
729 497 912 541 Graecia
942 496 1230 557 subjecisset,
1253 495 1549 551 ejusdemque
1565 499 1581 518 ²

105 570 400 616 confirmandi
421 568 566 624 gratia
595 567 933 624 potentissimos
966 566 1163 610 civitatis
1184 569 1350 608 nostrae
1370 564 1493 606 viros
1515 562 1581 605 Μ.

104 639 319 684 Crassum
348 643 394 682 et
413 637 472 691 Q.
496 637 809 688 Hortensium,
840 636 1000 692 quibus
1034 634 1261 678 Minucius
1292 635 1468 691 ignotus
1486 632 1583 675 fue—

104 714 187 762 rat,
209 708 376 753 tabulis
404 707 606 752 haeredes
634 706 929 758 inseruisset,³
961 717 1222 761 quanquam
1249 703 1431 747 evidens
1458 702 1584 744 frans

105 782 214 831 erat,
232 783 382 822 tamen
402 783 594 833 uterque
624 777 830 832 pecuniae
861 766 1071 832 cu'pidus,
1091 773 1302 818 facinoris
1333 772 1468 815 alieni
1489 784 1585 813 mu-

104 862 189 891 nus
218 861 307 892 non
337 847 630 904 repudiavit·
690 846 914 899 Quantam
949 845 1132 901 eulpam
1160 856 1294 900 quam
1323 842 1485 886 leviter
1517 854 1585 883 re-

104 917 210 961 tuli!
273 918 466 962 Lumina
496 917 652 969 curiae,
681 920 940 959 ornamenta
970 915 1071 967 fori,
1106 913 1227 970 quod
1261 912 1411 956 scelus
1439 909 1586 954 vindi-

105 1001 211 1032 care
224 993 246 1020 4
273 988 510 1039 debebant,
530 987 762 1030 inhonesti
782 986 895 1029 lucri
916 989 1105 1042 captura
1126 984 1321 1035 invitati,
1342 982 1585 1026 auctorita-

105 1057 227 1100 tibus
242 1057 337 1100 suis
356 1060 578 1101 texerunt.

162 1127 204 1170 2.
235 1125 410 1169 Verum
442 1126 678 1182 aliquanto
705 1125 903 1182 majores
928 1125 1047 1168 vires
1077 1124 1122 1166 in
1159 1122 1218 1176 Q.
1239 1119 1431 1164 Cassiob
1459 1119 1587 1163 exhi·

104 1196 231 1250 buit3
261 1196 337 1252 qui
358 1197 404 1238 in
431 1195 664 1251 Hispania
694 1195 759 1238 M.
783 1195 945 1237 Silium
971 1200 1016 1237 et
1034 1193 1091 1236 A.
1114 1191 1435 1249 Calpurnium⁵
1467 1190 1586 1232 occi-

104 1265 237 1308 dendi
257 1266 329 1308 sui
349 1265 491 1320 gratia
517 1278 618 1308 eum
649 1265 920 1322 pugionibus
945 1250 1260 1319 deprehensoS,
1283 1259 1585 1317 quinquagies

106 1334 357 1378 sestertium
394 1335 451 1378 ab
486 1334 580 1387 illo,
615 1334 673 1377 ab
709 1333 795 1376 hoc
829 1333 1038 1388 sexagies
1069 1334 1230 1388 pactus
1264 1329 1464 1372 dimisit.†
1524 1325 1587 1371 At

105 1403 208 1459 quis
229 1401 442 1454 dubitet,⁶
473 1404 514 1445 si
544 1403 730 1446 alterum
759 1407 936 1445 tantum
966 1400 1162 1453 daretur,
1180 1400 1385 1456 jugulum
1407 1409 1585 1454 quoque

105 1485 235 1516 suum
254 1485 388 1528 aequo
411 1472 558 1515 animo
577 1473 666 1515 illis
686 1472 828 1515 fuisse
849 1470 1176 1528 praebiturum?

721 1573 762 1585 Q
763 1573 863 1586 ''''
865 1572 965 1586 Μ

104 1643 174 1667 non
187 1632 339 1674 habent3
362 1632 492 1666 delevit
519 1633 740 1677 Pigiiius.—-2
767 1633 845 1674 Eius
867 1634 998 1676 denique
1025 1633 1124 1675 Pigli.
1142 1632 1256 1666 Coier.
1281 1636 1318 1664 et
1332 1632 1437 1674 Thya.
1462 1633 1586 1663 contra

103 1687 220 1710 omnes
238 1676 339 1710 codd.
351 1682 388 1710 et
402 1677 481 1711 edd.
493 1682 644 1711 veta—3
662 1679 671 1696 ‘
684 1678 741 1711 Ita
749 1678 835 1710 Mss.
848 1681 884 1710 et
896 1679 998 1710 editt.
1012 1683 1100 1710 vett.
1112 1677 1256 1719 Pighius
1271 1686 1354 1709 vero
1370 1675 1458 1708 male
1475 1673 1587 1706 edidit

103 1721 553 1762 malefecit-rent...in⁸eruerunt.
595 1722 803 1764 Quamquam,
822 1731 922 1764 quem
939 1726 1071 1754 temere
1084 1721 1229 1754 Colerus
1245 1725 1282 1753 et
1297 1720 1458 1753 Vorstius
1474 1717 1586 1750 secuti

105 1770 199 1798 sunt.
215 1765 370 1807 [heredes
384 1765 595 1807 inscripsisset
611 1766 709 1799 Leid.
722 1765 773 1807 6.]
819 1766 904 1798 Mox
919 1764 1047 1799 frustra
1062 1764 1167 1798 iidem
1184 1765 1307 1797 malint
1320 1762 1456 1796 leniter!
1469 1762 1589 1803 Kapp.

104 1811 170 1841 -4
193 1808 322 1850 Uitraj.
359 1809 457 1850 prim.
479 1810 578 1842 scelus
605 1809 669 1850 ipsi
696 1809 869 1842 vindicare.
924 1809 1026 1843 Leid.
1054 1809 1166 1852 quint.
1202 1809 1254 1851 qui
1283 1809 1383 1840 scelus
1410 1807 1584 1839 vindicare.

103 1852 246 1886 Deinde
264 1851 351 1894 Cop.
373 1856 505 1895 captura
524 1852 652 1885 irritati
659 1864 672 1892 ;
697 1853 788 1896 quod
804 1852 990 1885 Perizonio
1016 1863 1037 1885 a
1062 1853 1210 1885 librariis
1226 1862 1294 1885 non
1310 1856 1423 1884 ortum
1444 1849 1587 1883 videba-

105 1902 175 1937 tur,
197 1901 236 1929 ut
250 1895 377 1928 irritati
392 1897 448 1929 hic
463 1897 508 1929 sit
521 1896 725 1930 incitata-⁵
750 1897 899 1929 Veteres
916 1897 995 1929 iibri
1011 1896 1140 1929 habent
1156 1896 1372 1939 praenomina
1388 1895 1423 1927 in
1438 1893 1589 1936 vulgatis

106 1940 242 1980 omissa,
258 1939 309 1973 M.
326 1939 454 1982 Silium,
468 1940 512 1973 A.
530 1940 748 1983 Calpurnium.
794 1940 931 1973 Hirtius
947 1941 991 1973 de
1008 1940 1101 1973 bello
1117 1939 1352 1972 Alexandrino
1378 1939 1420 1976 Q.
1438 1938 1589 1970 Sextium

105 1983 263 2026 suggerit
289 1992 352 2024 pro
379 1984 429 2016 M.
452 1983 545 2017 Silio.
595 1984 758 2027 Plerique
774 1984 860 2016 Mss.
876 1984 910 2016 in
927 1984 1121 2026 Hispaniam
1136 1983 1265 2016 Sittium
1290 1986 1321 2016 et
1347 1981 1588 2024 Catphurnium.

105 2027 178 2077 Sed
194 2028 228 2059 in
244 2027 415 2059 nonnunis
430 2027 512 2059 min
534 2028 728 2069 Hispaniam
743 2032 957 2068 expunctum
985 2030 1117 2061 een—6
1138 2029 1148 2046 ‘
1167 2027 1280 2060 Codd.
1309 2027 1423 2059 varie:
1447 2026 1496 2058 At
1520 2025 1590 2067 quis

104 2070 248 2109 dubue15
270 2071 321 2103 Ac
335 2070 391 2113 qui
405 2071 551 2110 dubitem
571 2071 694 2113 Atquin
708 2071 855 2110 dubitet:
873 2072 919 2104 At
935 2072 1016 2104 hunc
1031 2071 1184 2110 dubium,-
1208 2071 1255 2103 At
1281 2071 1356 2113 quid
1380 2070 1513 2102 dubites.
1559 2069 1590 2100 E

104 2114 230 2156 quibus
243 2114 335 2147 aliud
352 2115 473 2156 procul
489 2114 595 2148 dubio
611 2115 687 2147 aliis
704 2115 874 2157 placebit:
901 2125 979 2147 cum
995 2115 1042 2148 At
1059 2116 1129 2157 quis
1148 2114 1283 2156 dubitet,
1297 2115 1342 2147 Ae
1358 2115 1439 2146 hunc
1453 2113 1592 2151 (liabitas,

106 2158 152 2189 A:
167 2158 242 2199 quid
255 2158 392 2199 dubites,
416 2158 553 2200 singula
568 2158 753 2191 videantur
769 2168 871 2201 posse
888 2159 1017 2191 habere
1032 2160 1147 2191 locum
1164 2159 1292 2201 potius,
1315 2168 1418 2201 quam
1433 2157 1536 2199 Atqui
1551 2166 1591 2188 ne

106 2201 242 2243 dubites,
264 2202 357 2244 quod
372 2201 472 2235 dedit
487 2202 653 2245 Pighius:
678 2211 786 2246 quare
801 2204 848 2235 At
869 2203 940 2244 quis
953 2202 1077 2235 dubitet
1093 2203 1244 2245 restitui,
1267 2202 1359 2246 quod
1375 2205 1478 2235 antea
1502 2202 1592 2242 lege-

774 2278 922 2312 NOTAE

150 2345 219 2377 ⁸1..
237 2344 381 2377 Minucio
396 2344 524 2387 Basilo]
547 2346 629 2378 Tres
642 2345 821 2388 praecipue
876 2345 988 2378 bunus
1012 2344 1123 2388 plebis
1147 2344 1190 2378 ad
1218 2344 1392 2377 Caesarem
1418 2353 1496 2376 cum
1521 2341 1591 2374 An-

106 2396 171 2429 hoe
209 2395 346 2428 nomine
380 2401 633 2437 memorantium
678 2406 822 2439 quorum
875 2396 971 2430 tonio
1001 2401 1038 2429 et
1065 2397 1216 2430 Curione
1250 2395 1432 2438 profugit3
1471 2405 1491 2427 a
1526 2404 1591 2436 quo

109 2456 196 2479 nnus
217 2446 282 2479 sub
308 2446 415 2488 Sylla,
439 2448 527 2480 alter
550 2447 614 2480 sub
632 2448 770 2480 Caesare
786 2448 821 2480 in
876 2447 1056 2489 Hispaniae
1084 2447 1290 2489 Propraetor
1315 2444 1429 2478 factus
1444 2445 1592 2477 Provin-

107 2497 231 2531 Gauiis
254 2498 444 2538 militavit;
484 2499 611 2531 tertius
635 2499 730 2532 dives
760 2499 821 2532 ille
876 2500 964 2534 ciam
984 2510 1090 2534 avare
1113 2504 1150 2532 et
1171 2498 1362 2532 crudeliter
1377 2497 1590 2530 administra-

108 2548 257 2591 Basilus‚
280 2548 347 2580 nisi
372 2547 466 2581 forte
495 2549 588 2582 idem
614 2550 733 2591 fuerit,
762 2550 820 2594 qui
875 2553 949 2586 vit:
983 2558 1019 2585 et
1035 2552 1098 2585 sub
1123 2550 1284 2584 Trebonii
1312 2549 1518 2583 successoris
1533 2548 1592 2580 ad-

106 2599 212 2642 Synae
229 2604 346 2641 partes
361 2604 500 2632 secutus
517 2605 581 2633 est.
620 2601 678 2633 De
694 2601 820 2635 Crasso
876 2608 1018 2636 ventum
1048 2603 1082 2635 in
1113 2602 1203 2635 ostio
1231 2601 1325 2634 Iberi
1353 2599 1504 2633 fluminis
1532 2600 1590 2631 de-

108 2656 146 2683 et
159 2650 348 2683 Hortensio
364 2651 496 2692 egimus
511 2652 712 2694 saepissime.
874 2664 988 2688 mersa
1003 2655 1083 2687 navi
1107 2663 1185 2687 cum
1212 2652 1369 2686 omnibus
1390 2651 1514 2694 opibus
1531 2660 1588 2692 pe-

151 2701 171 2720 '
193 2701 260 2735 An.
280 2702 332 2734 M.
348 2704 447 2735 3986.
486 2703 545 2736 01.
562 2706 637 2737 178.
654 2708 685 2737 l.
732 2704 820 2737 Urb.
877 2706 951 2738 riit.

110 2756 150 2788 C.
166 2759 245 2788 685.
282 2754 366 2788 Ant.
384 2755 447 2788 Ch.
463 2759 518 2789 67.
922 2762 937 2793 †
953 2755 1021 2789 An.
1039 2757 1092 2790 M.
1106 2758 1204 2789 4007.
1229 2755 1288 2789 01.
1305 2757 1380 2788 183.
1397 2757 1428 2788 2.
1451 2753 1536 2787 Urb.
1551 2753 1590 2787 C.

151 2805 165 2828 b
181 2806 222 2838 In
240 2807 281 2843 Q.
311 2806 435 2849 Cassio]
472 2807 640 2850 Longino,
666 2808 725 2851 qni
746 2808 822 2841 Tri·
876 2811 953 2842 706.
978 2807 1062 2841 Ant.
1079 2807 1141 2840 Cb.
1156 2810 1211 2840 46.
