1878 3132
633 221 743 253 car.
769 220 820 252 11.
856 221 919 252 nn
952 218 1152 251 enti-ris.
1550 207 1638 252 517

781 418 922 463 CAP.
954 418 1019 462 11.

692 554 780 599 DE
825 552 1102 599 GRATIS.¹

175 698 194 730 1
217 696 366 730 Senatus
381 692 539 726 Romani.
942 693 964 722 9
988 690 1026 723 L.
1039 688 1146 732 Synae
1162 687 1356 721 dictatoris.

173 744 196 774 2
215 739 422 775 ,inventutis
438 738 617 770 Romanae.
922 736 964 766 10
989 732 1289 766 Libitinariorum.

220 783 340 817 Plebis
356 783 533 815 Romanae.

173 787 196 861 ἓ
220 827 271 860 Μ.
287 825 434 858 Minucii
450 824 528 857 Rufi
546 823 682 865 magist.
698 831 754 866 eq.
1064 808 1321 868 fummmwu
1345 807 1487 834 ⁸²⁶⁰*

174 875 194 904 5
221 871 267 904 Q.
283 869 440 903 Terentii
455 867 632 901 Culeonis.
943 864 960 893 l
990 861 1087 893 Darn
1104 860 1316 910 Persarum..

172 917 195 948 6
210 913 353 947 Civium
369 922 389 946 e
405 911 545 946 Graecia
559 910 799 944 liberatorum.
942 907 963 937 2
987 904 1202 936 Mithridatis
1214 903 1330 936 Ponti.

173 960 196 990 ‘1
218 957 265 992 Q.
281 956 418 990 Metelli
434 955 492 988 Pii
509 955 589 988 Cos.
941 950 962 980 3
987 947 1100 980 Attali
1120 947 1222 980 Asiae.

174 1004 197 1034 Β
219 1001 262 1035 C.
277 1001 382 1035 Marii
396 999 476 1034 eos.
491 1001 530 1032 4.
940 994 962 1024 4
985 992 1181 1024 Masinissae
1198 989 1389 1024 Numidiae.

210 1132 424 1177 GRATAS
445 1142 555 1174 vero
584 1129 869 1184 ingratasque
895 1128 1032 1170 animi
1052 1128 1404 1184 significationes
1439 1132 1485 1172 et
1513 1128 1638 1172 facta

152 1202 284 1246 libuit
318 1200 465 1244 oculis
504 1198 758 1254 subjicere‚²
787 1199 838 1238 ut
869 1196 981 1239 vitio
1021 1210 1075 1240 ac
1112 1197 1263 1240 virtuti
1295 1197 1425 1253 justa
1461 1210 1637 1240 merces

154 1270 467 1315 aestimationis
497 1269 599 1325 ipsa
629 1266 964 1323 comparatione
998 1267 1250 1309 accederet.
1312 1267 1403 1310 Sed
1424 1268 1639 1323 quoniam

153 1339 379 1382 contrario
401 1337 640 1394 proposito
671 1348 771 1378 sese
801 1335 1115 1387 distinxerunt,
1134 1340 1288 1379 nostro
1320 1349 1500 1392 quoque
1519 1336 1638 1392 stylo

154 1413 438 1464 separentur:
484 1407 770 1463 prioremque
807 1404 962 1447 Iocum
1001 1404 1251 1457 obtineant,
1293 1418 1397 1460 quae
1436 1405 1636 1457 laudem,

152 1490 288 1533 quam
309 1481 437 1533 quae³
470 1474 859 1532 reprehensionem
879 1478 1122 1517 merentur.

216 1547 255 1588 1.
285 1544 435 1602 Atque
455 1549 504 1590 ut
525 1558 554 1588 a
573 1544 770 1600 publicis
803 1543 918 1586 actis
941 1543 1104 1595 ordiar,
1127 1543 1350 1586 Marcium
1380 1543 1544 1599 patriae
1569 1543 1639 1585 in-

153 1614 333 1657 teritum
364 1617 658 1664 conantem,4⁸
687 1611 960 1667 admotoque
995 1613 1140 1667 portis
1161 1612 1301 1655 Urbis
1331 1613 1500 1668 ingenti
1520 1612 1638 1656 Vol-

155 1696 334 1725 scorum
355 1682 574 1734 exercitu,
595 1681 725 1724 funus
739 1685 755 1711 ⁵
787 1693 841 1723 ac
860 1681 1068 1723 tenebras
1099 1679 1310 1724 Romano
1344 1682 1534 1736 imperio
1554 1681 1639 1723 mi-

154 1753 380 1804 nitantem,
403 1751 595 1794 Veturia
617 1754 761 1793 mater
789 1754 838 1792 et
858 1749 1104 1792 Volumnia
1130 1764 1247 1793 uxor
1276 1750 1497 1794 nefarium
1518 1763 1638 1806 opus

155 1821 322 1877 exequi
349 1820 559 1877 precibus
591 1819 688 1862 suis
718 1831 872 1875 passae
905 1831 993 1860 non
1022 1823 1142 1862 sunt.
1204 1819 1259 1862 In
1291 1828 1474 1875 quarum
1495 1819 1639 1862 hono-

775 1929 993 1942 ‘conexu‘
996 1929 1015 1942 ff

198 2004 217 2034 ι
242 2000 299 2033 lta
314 1998 444 2032 habent
456 2008 576 2032 omnes
589 1998 691 2032 codd.
706 1999 850 2031 Tor-ren.
868 2002 905 2031 et
919 1997 999 2030 edd.
1015 2000 1096 2030 ante
1112 1996 1289 2039 Pigliiuln,
1311 1998 1369 2040 qni
1385 1997 1613 2040 inscripserat
1628 2008 1637 2029 ε

156 2045 212 2078 De
228 2043 515 2076 Crustumina—2
539 2043 620 2076 ‘Sic
636 2042 734 2075 dedit
749 2042 892 2084 Pighius
916 2051 959 2073 ex
974 2042 1094 2083 Camp.
1115 2045 1152 2073 et
1176 2041 1252 2072 aliis
1275 2041 1363 2073 Mss.
1391 2046 1427 2073 et
1453 2046 1533 2082 post
1557 2050 1640 2073 eum

154 2088 214 2121 alii
229 2087 393 2120 editores.
439 2087 587 2120 Veteres
603 2086 705 2119 editt.
720 2091 757 2118 et
774 2085 943 2119 tredecim
961 2086 1046 2118 Mss.
1064 2085 1186 2117 Gratas
1197 2095 1269 2116 cero
1280 2085 1379 2116 animi
1390 2084 1640 2128 significationes

154 2135 187 2164 et
202 2132 331 2172 ingrata
347 2131 443 2170 sucta
462 2130 554 2163 tibuit
578 2130 676 2162 oculis
700 2129 768 2173 (hie
782 2131 866 2162 Vet.
895 2127 1036 2171 inserit)
1059 2128 1223 2170 sulv'icere,
1248 2130 1303 2169 &a
1348 2129 1433 2160 Mox
1456 2129 1574 2161 virtuti
1600 2138 1639 2160 oe

155 2176 235 2208 vicio
249 2176 355 2207 etiam
371 2184 390 2206 a
406 2174 531 2216 Pigliio
547 2178 617 2214 est,
639 2183 716 2206 cum
732 2174 821 2206 Mss.
837 2178 874 2206 et
890 2173 993 2205 editt.
1011 2177 1158 2204 vetustae
1176 2172 1326 2204 habeant
1341 2172 1421 2204 vitio
1443 2182 1481 2204 ac
1501 2173 1638 2210 eutrici,-

155 2225 196 2251 ut
210 2222 306 2251 recte
319 2218 501 2250 Torrenius
518 2217 654 2250 edidit!
679 2218 853 2259 Koma—³
875 2217 934 2249 Sic
963 2216 1109 2258 Pighius
1136 2226 1179 2248 ex
1207 2217 1292 2249 Mss.
1317 2216 1524 2259 quibuscum
1550 2216 1639 2248 facit

155 2262 237 2294 Vct.
253 2267 291 2294 ut
306 2260 452 2300 adsueta
468 2260 652 2303 referatur,
674 2261 735 2293 sed
759 2261 880 2293 decem
908 2261 995 2292 Mss.
1020 2269 1098 2292 cum
1123 2260 1220 2301 Mog.
1249 2266 1285 2292 ct
1309 2260 1398 2301 aliis,
1420 2261 1474 2302 qui
1500 2261 1637 2300 laudem,

155 2305 642 2390 3¹3⁸?3'1'10‘¹“{’03{x⁸‘¹sc¹¹1?3¹}2¹¹1i⁸
665 2303 1363 2389 {535⁸‘3302230'31222‘iz²5:3155“”31-03
1388 2304 1638 2388 ‘iissriiss‘q'ss‘i

279 2373 288 2381 1
625 2371 635 2389 ,
765 2370 774 2379 0
1043 2371 1052 2381 Ο
1239 2370 1248 2387 '
1365 2370 1374 2379 0
1555 2368 1564 2377 0

157 2392 255 2434 Lips.
270 2392 455 2425 Thanueri.
502 2392 577 2425 Nec
592 2392 694 2424 aliter
706 2392 789 2424 Vet.
804 2392 871 2424 nisi
892 2391 983 2434 quod
1007 2392 1082 2424 haec
1110 2401 1188 2424 cum
1206 2391 1288 2423 Vet.
1304 2391 1412 2432 Lipsii
1438 2390 1546 2422 addat
1565 2399 1637 2431 per·

146 2436 261 2479 ficere,
285 2437 398 2469 Periz.
414 2445 497 2468 vero
509 2446 543 2478 p.
558 2436 583 2468 i.
597 2446 624 2470 o.
640 2445 833 2477 oppugnare,
856 2440 1042 2477 utrumque
1066 2444 1110 2466 ex
1133 2436 1258 2477 glossa.
1304 2435 1419 2476 Vulgo
1443 2433 1636 2466 edebatur:

158 2480 354 2512 Coliolanum
374 2479 516 2520 patriam
537 2489 717 2521 oppugnare
739 2482 924 2517 conantem;
946 2485 983 2511 at
1001 2479 1202 2511 Coriolanum
1229 2478 1329 2510 abest
1359 2489 1379 2510 a
1402 2477 1522 2509 decem
1547 2478 1636 2509 Mss.

155 2523 238 2555 Vet.
255 2523 351 2564 Lips.
367 2527 396 2555 1.
410 2526 445 2555 2.
459 2523 566 2563 Lugd.
584 2528 620 2555 et
634 2522 750 2555 forsan
765 2523 882 2555 multis
894 2523 980 2555 aliis.
1026 2522 1175 2554 Patriam
1189 2531 1370 2563 oppugnare
1396 2524 1559 2552 conantem
1584 2526 1638 2552 est

155 2566 192 2599 in
208 2567 282 2599 solo
297 2566 394 2599 Leid.
409 2571 498 2598 sext.
515 2571 551 2598 et
568 2566 658 2598 inter
674 2576 744 2599 var.
763 2567 846 2598 lect.
861 2566 961 2598 Leid.
975 2570 1065 2608 sept.
1083 2570 1119 2597 et
1135 2565 1338 2607 quibusdam
1356 2564 1458 2596 editt.
1506 2564 1636 2596 Nostra

156 2610 261 2643 lectio
276 2610 385 2643 multo
400 2610 522 2642 melior
537 2614 591 2643 est
609 2610 760 2652 vulgata,
783 2614 821 2642 ut
836 2610 954 2652 mirer,
974 2609 1177 2642 'rori-eniam
1198 2608 1361 2640 maluisse
1385 2608 1555 2649 vulgatam
1580 2616 1635 2639 re-

819 2699 963 2733 No'rAE

203 2779 219 2795 ²
242 2774 367 2807 Patria·
396 2774 561 2807 interitum
597 2775 773 2817 conantem]
811 2776 869 2808 De
925 2780 978 2808 est
993 2785 1013 2807 a
1029 2772 1139 2807 nobis.
1187 2772 1244 2804 De
1266 2771 1341 2804 aede
1356 2771 1520 2806 Fortunae
1535 2772 1635 2806 muli-

159 2825 294 2858 Marcio
321 2825 504 2858 Coriolano
523 2825 596 2867 jam
626 2826 706 2859 alibi
737 2826 869 2860 dictum
925 2826 1016 2858 ebria
1032 2824 1091 2857 lib.
1106 2833 1131 2858 r.
1149 2833 1228 2865 cap.
1241 2825 1272 2855 8.
1287 2826 1424 2856 num-4.
