1878 3132
253 148 340 191 742
641 159 849 192 VALERn
885 162 1081 194 MAxuur
1117 164 1213 195 mu.
1238 163 1351 196 vm.

253 267 487 309 Deciano²
542 269 760 321 spectatae
810 268 1077 322 integritatis
1125 270 1220 312 viro
1270 282 1363 312 vox
1402 282 1486 314 sua
1530 270 1722 315 exitium

255 334 419 377 attulit.
478 333 600 378 Nam
640 348 742 378 cum
781 334 834 378 P.
858 335 1042 378 Furium
1081 337 1458 392 inquinatissimae
1491 339 1602 383 vitae
1636 353 1723 397 pro

256 402 445 445 Rostris,
460 407 709 455 accusaret,
729 404 835 460 quia
854 404 1049 459 quadam
1074 405 1119 447 in
1138 411 1265 461 parte
1295 405 1487 450 actionis
1507 407 1562 450 de
1582 411 1727 451 morte

258 471 311 513 L.
332 471 557 514 Saturnini
572 476 590 494 ⁸
624 472 750 527 queri
780 484 915 514 ausus
949 472 1106 524 fuerat,
1138 486 1221 516 nec
1255 487 1378 518 reum
1411 475 1655 528 damnavit,
1683 479 1730 519 et

258 539 440 594 insuper
458 538 499 581 ei
519 551 680 594 poenas
701 539 906 582 addictas
922 543 956 570 ⁵¹
987 541 1233 595 pependit.†

317 606 360 649 3.
391 607 501 650 Sex.
522 620 701 663 quoque
731 605 936 650 Titiumb
965 607 1126 651 similis
1157 623 1291 653 casus
1308 612 1560 667 prostravit.
1620 611 1732 655 Erat

260 677 499 729 innocens;
530 681 627 719 erat
649 676 820 732 agraria
837 676 935 731 lege
953 677 1047 719 lata
1061 679 1282 732 gratiosus
1295 684 1331 710 ⁵²
1351 680 1475 736 apud
1495 680 1733 736 populum.

260 744 432 788 Tamen
453 746 559 800 quia
583 745 811 787 Saturnini
840 746 1076 800 imaginem
1098 746 1217 790 domi
1249 749 1475 799 habuerat,
1507 747 1735 802 suffragiis

263 827 361 856 eum
383 818 479 856 tota
499 813 695 867 cognitio
708 817 741 844 5³
757 818 773 836 ⁶
801 813 1059 869 oppressit*

320 884 363 924 4.
394 881 647 938 Adjiciatur
684 881 754 923 his
789 880 1013 932 Claudia‚‘¹
1062 896 1197 938 quam
1236 884 1457 926 insontem
1500 883 1684 926 crimine
1699 886 1740 915 ⁵⁴

264 954 416 992 votum
436 950 624 1005 impium
643 950 885 994 subvertit:
917 951 1038 1006 quia,
1053 963 1154 993 cum
1175 965 1203 993 a
1219 951 1340 993 ludis
1359 951 1542 992 domum
1558 951 1738 994 rediens

265 1017 396 1059 turba
427 1016 679 1068 elideretur,
712 1022 965 1072 optaverat,
1000 1021 1051 1060 ut
1083 1018 1219 1060 frater
1253 1032 1376 1070 suus,
1415 1019 1737 1061 maritimarum

266 1084 428 1126 virium
468 1090 721 1127 nostrarum
762 1086 996 1141 praecipua
1036 1085 1253 1141 jactu'ra,'²
1288 1086 1602 1140 revivisceret;
1652 1098 1739 1129 sae-

268 1152 460 1208 piusque
478 1153 634 1196 consul
653 1153 818 1204 factm,
853 1153 1024 1197 infelici
1057 1153 1195 1196 ductu
1215 1153 1348 1196 nimis
1378 1167 1585 1209 magnam
1613 1148 1741 1196 urbis

268 1221 563 1276 frequentiam
584 1221 831 1264 minueret.e
843 1220 863 1238 ⁴*

314 1333 330 1355 ¹¹
348 1334 413 1371 Qui
428 1335 604 1368 maritimas
619 1336 831 1368 Romamrum
845 1336 928 1369 vires
943 1337 1058 1369 amissa
1077 1337 1172 1370 elme
1187 1337 1370 1370 attriverat.

891 1427 1124 1440 OOOOOOOOO⁴OO

272 1480 367 1522 Mog.
370 1484 453 1514 ——51
478 1482 535 1515 Ita
556 1481 682 1515 Atreb.
697 1483 831 1515 Winck.
846 1483 965 1516 Colon.
981 1488 1017 1515 et
1033 1484 1154 1526 Camp.
1171 1484 1315 1526 Pighius
1335 1479 1585 1526 interpretatur
1607 1483 1618 1502 ‘
1633 1481 1743 1516 desti·

272 1530 394 1565 natas;
384 1525 406 1544 ·’
439 1526 593 1568 dicitque
621 1536 803 1569 perperam
833 1528 998 1569 pleraque
1028 1529 1167 1569 vulgata
1196 1527 1409 1569 exemplaria
1437 1526 1568 1560 habere
1596 1526 1745 1564 additum
1759 1558 1764 1563 ,

274 1568 363 1617 quod
381 1573 436 1601 est
451 1579 485 1601 ιιι
501 1569 592 1602 Ven.
609 1569 752 1603 Mediol.
775 1569 923 1603 Ascens.
938 1570 1049 1603 tribus
1078 1570 1175 1603 Leid.
1200 1571 1273 1603 Bit.
1301 1570 1401 1612 prim.
1427 1574 1464 1603 et
1487 1569 1616 1621 Ultraj.
1642 1569 1743 1612 prim.

273 1611 333 1643 alii
348 1612 487 1653 adlectus
504 1613 647 1654 habent,
668 1618 707 1645 ut
729 1613 829 1646 Harl.
849 1613 994 1646 addictus
1014 1614 1082 1646 duo
1105 1614 1216 1646 Paris.
1243 1614 1372 1646 additus
1393 1613 1501 1646 Barb.
1529 1612 1629 1655 prim.
1671 1611 1744 1644 Sed
1802 1616 1803 1619 ’

274 1655 402 1698 Ultraj.
422 1665 490 1689 sec.
504 1656 646 1694 debitas,-
668 1666 746 1689 cum
773 1665 839 1700 quo
860 1657 1087 1689 consentiunt
1110 1658 1207 1699 Mog.
1229 1662 1267 1689 et
1289 1658 1407 1690 Chart.
1432 1657 1546 1690 Duae.
1567 1654 1660 1699 quod
1675 1664 1744 1709 nou

942 1745 974 1778 N
980 1744 1085 1777 01·AE

322 1822 336 1838 ²
355 1817 515 1860 Deciano]
538 1817 597 1850 Fit
623 1817 715 1849 illius
740 1817 871 1850 mentio
896 1817 989 1860 apud
1044 1826 1064 1849 a
1080 1817 1207 1859 populo
1223 1821 1337 1849 tamen
1352 1826 1419 1848 uon
1437 1816 1618 1849 damnatus
1634 1818 1699 1857 est,
1713 1817 1752 1847 ut

280 1869 483 1902 Ciceronem
499 1878 563 1911 pro
578 1868 731 1900 Rabirio.

323 1924 339 1940 ²
360 1919 545 1961 Saturnini]
583 1919 652 1953 Qui
679 1918 850 1951 Tribunus
879 1918 990 1961 plebis

1045 1873 1145 1910 patet
1174 1877 1218 1900 ex
1245 1867 1421 1900 Ciceronis
1450 1867 1662 1907 Rabiriauu3
1689 1865 1753 1898 sed

1045 1919 1089 1951 ab
1105 1915 1294 1962 equitibus,
1307 1928 1414 1961 penes
1438 1928 1522 1962 quos
1537 1918 1574 1951 id
1588 1917 1756 1960 temporis

280 1970 464 2002 Metellum
482 1969 705 2002 Numidicum
732 1969 820 2001 urbe
844 1969 992 2011 expulit,
1041 1969 1176 2012 judicia
1188 1975 1287 2002 erant
1301 1981 1310 2002 ι
1335 1969 1378 2002 ab
1402 1969 1477 2002 aliis
1498 1970 1624 2012 legitur
1638 1966 1754 2010 oogm'-

284 2025 320 2052 et
335 2021 512 2063 aliquanto
527 2024 606 2062 post
622 2030 642 2052 a
656 2020 784 2062 populo
800 2029 911 2052 caesus
927 2025 993 2052 est.
1047 2021 1106 2059 tio,
1128 2030 1148 2051 a
1164 2019 1287 2061 Piglnio
1300 2020 1453 2060 cognitio.

328 2076 342 2107 †
359 2070 427 2103 Αιι.
443 2071 492 2104 Μ.
509 2074 607 2104 3955.
634 2070 693 2103 01.
710 2073 787 2103 170.
802 2073 836 2103 2.
857 2070 992 2103 Urb.C.

283 2123 360 2153 654.
383 2121 469 2154 Ant.
484 2121 547 2155 Ch.
561 2124 617 2153 98.

327 2171 343 2193 ¹³
356 2172 433 2205 Sex.
444 2182 560 2214 quoque
575 2172 713 2214 Titium]
738 2173 912 2215 Nepotem
923 2173 996 2205 Tri-

284 2223 412 2256 bunum
429 2223 540 2264 plebis
555 2222 769 2262 seditiosum,
783 2224 833 2256 M.
845 2223 997 2256 Antonio

287 2274 438 2307 Oratore
463 2273 632 2306 Consule:
656 2273 700 2305 de
728 2283 795 2316 quo
818 2275 926 2306 multa
941 2274 998 2306 Ci-

288 2335 368 2357 cero
385 2330 457 2358 tum
473 2324 518 2356 de
534 2324 701 2363 Oratore,
718 2324 778 2357 lib.
795 2334 839 2358 ιι.
863 2330 935 2357 tum
963 2325 998 2356 in

288 2377 422 2409 Bruto:
459 2376 470 2394 ‘
487 2376 566 2408 Sex.
593 2375 704 2408 Titius
734 2375 834 2408 homo
871 2375 999 2418 loquax

290 2437 373 2460 sane
389 2432 426 2460 et
440 2427 523 2459 satis
539 2431 660 2459 acutus
674 2436 683 2458 :
704 2426 767 2459 sed
783 2431 852 2459 tam
868 2427 1000 2458 solutus

291 2484 327 2510 et
343 2478 451 2510 mollis
466 2478 500 2510 in
517 2483 630 2519 gestu,
643 2481 681 2509 ut
693 2478 831 2509 saltatio
843 2476 1000 2519 quaedam

292 2534 508 2570 nasceretur,
529 2529 585 2561 cui
611 2528 787 2561 saltationi
805 2527 919 2560 Titius
945 2537 1003 2558 no·

293 2590 373 2612 meu
388 2579 509 2612 essetz'
523 2589 561 2612 se
573 2579 803 2611 Cassandram
819 2587 895 2610 esse
911 2578 1004 2610 dice-

295 2631 370 2671 bat,
387 2631 445 2672 qui
469 2640 552 2663 vera
577 2640 643 2662 non
667 2629 819 2662 creditus
835 2628 1004 2671 praedice-

300 2686 365 2712 ret.

342 2736 354 2751 Ε
380 2731 541 2772 Cognitio]
578 2731 689 2773 Vulgo
719 2730 856 2772 legitur,
879 2729 1005 2762 concio.-

1093 2076 1108 2109 t
1132 2071 1199 2103 An.
1225 2071 1275 2102 M.
1298 2073 1396 2103 3956.
1430 2070 1488 2102 Ol·
1504 2072 1579 2103 1⁷⁰.
1602 2072 1636 2103 3.
1665 2069 1755 2102 Urb-

1052 2123 1092 2156 C.
1109 2126 1185 2155 655.
1222 2121 1307 2154 Ant.
1324 2123 1387 2154 Ch.
1403 2124 1458 2154 97.

1092 2171 1108 2194 ‘¹
1132 2172 1281 2214 Claudia]
1303 2171 1409 2214 Appii
1427 2171 1520 2204 eaeci
1542 2170 1626 2212 filia,
1649 2175 1687 2203 et
1711 2171 1755 2204 P.

1051 2223 1186 2256 Claudii
1202 2222 1344 2254 Pulchri
1360 2231 1469 2262 soror,
1483 2222 1540 2264 qui
1553 2222 1697 2254 classem
1712 2219 1758 2253 ob

1051 2275 1211 2317 neglecta
1224 2273 1378 2316 auspicia
1390 2273 1504 2306 amisit
1518 2283 1527 2306 ι
1544 2273 1587 2305 de
1599 2282 1667 2316 quo
1677 2281 1761 2314 pau-

1054 2326 1087 2358 lo
1103 2330 1197 2357 ante.

1097 2380 1111 2397 e
1134 2375 1359 2417 Frequentiam
1381 2373 1550 2415 minueret]
1578 2371 1767 2413 ‘Utinam’

1055 2427 1180 2468 inquit,
1200 2428 1210 2444 ⁶
1225 2425 1335 2458 frater
1355 2434 1453 2457 meus
1480 2424 1678 2461 reviviscat,
1701 2424 1766 2455 ite·

1058 2487 1200 2518 rumque
1215 2478 1358 2508 classem
1375 2475 1494 2516 ducat,
1514 2480 1550 2507 et
1565 2475 1665 2507 istam
1681 2474 1768 2506 mul-

1057 2527 1243 2559 titudinem
1261 2526 1435 2566 perditum
1450 2524 1531 2557 eat!
1560 2525 1619 2557 Ita
1635 2525 1767 2558 Gellius

1057 2577 1116 2609 lib.
1141 2585 1178 2608 Χ.
1204 2586 1235 2608 c.
1259 2579 1291 2607 6.
1334 2574 1390 2607 Ab
1415 2576 1580 2608 AEdilibus
1603 2581 1769 2608 accusata

1058 2620 1137 2659 aeris
1154 2627 1269 2667 gravis
1284 2629 1338 2658 25.
1354 2626 1506 2658 millibus
1518 2628 1685 2660 mulctata
1698 2631 1767 2659 est.

1102 2677 1122 2696 ⁴
1135 2676 1202 2708 Αιι.
1219 2677 1269 2709 Μ.
1283 2679 1379 2708 3808.
1405 2676 1463 2710 Ol.
1480 2680 1555 2710 133.
1571 2680 1603 2710 8.
1626 2677 1769 2710 Urb.c.

1060 2730 1136 2760 507.
1162 2726 1246 2760 Ant.
1263 2727 1325 2759 Ch.
1341 2729 1418 2759 245.
1717 2753 1719 2756 .
