1878 3132
384 180 490 214 CAP.
512 181 587 213 111.
619 181 683 213 ΒΕ
716 179 883 213 VAFRE
917 181 1082 214 mc'rls
1114 181 1219 214 AUT
1251 181 1447 217 FAO'rlS.
1564 170 1654 215 683

241 278 312 323 18.
344 279 507 322 Multis
531 283 578 322 et
595 279 769 335 magnis
790 279 1028 335 sapientiae
1063 279 1286 335 exemplis
1318 279 1554 336 parvulum
1575 281 1654 323 ad-

177 347 350 404 jiciam.
381 347 616 391 Cretenses
629 352 670 381 ⁷⁴
698 362 803 391 cum
824 348 1119 393 acerbissima
1136 349 1421 392 execratione
1440 348 1656 393 adversus

183 428 278 470 eos,
297 430 410 472 quos
430 418 711 461 vehementer
729 418 929 471 oderunt,
948 419 1018 462 uti
1037 419 1204 470 volunt,
1234 419 1249 440 ‘
1263 422 1314 460 ut
1329 417 1450 460 mala
1469 430 1657 461 consue-

184 484 338 528 tudine
371 485 667 538 delectentur,’
701 490 881 542 optant3
911 487 1203 543 modestoque
1237 486 1335 530 voti
1371 498 1528 541 genere
1562 485 1656 529 effi-

184 554 474 596 cacissimum
510 554 692 598 ultionis
730 558 937 599 eventum
970 557 1211 613 reperiunt.
1287 553 1510 597 Inutiliter
1538 554 1658 597 enim

184 619 358 677 aliquid
377 624 716 678 concupiscere,
748 627 793 667 et
821 624 870 666 in
890 637 946 668 eo
966 627 1300 681 perseveranter
1319 622 1496 674 morari,
1517 622 1658 665 exitio

182 701 239 732 ea
251 694 287 722 ⁷⁵
317 691 467 735 vicina
488 691 682 735 dulcedo
701 699 784 738 est.

803 794 861 807 κθ

1023 792 1042 805 O

188 868 220 898 1.
236 868 269 898 2.
294 865 409 900 Bitur.
425 869 456 900 1.
482 866 565 900 Vet.
594 872 631 901 et
661 869 789 903 Venet.
821 871 943 911 Cretes,
965 867 1209 902 terminatione
1237 867 1377 907 Graeca,
1399 869 1439 899 ut
1462 864 1555 909 apud
1583 864 1658 898 Cic.

187 918 251 950 pro
274 909 366 942 Mur.
390 920 467 953 cap.
495 913 549 944 35.
552 914 637 944 -75
661 912 719 945 Ita
745 923 869 946 novem
893 913 997 946 codd.
1022 913 1168 945 Torren.
1211 911 1408 944 Pronomen
1429 920 1466 943 ea
1491 909 1661 952 expunxit

186 952 354 997 Pighius.
378 954 484 988 Barb.
500 957 532 988 2.
546 955 710 989 immorari
725 957 824 991 exitio
839 967 890 1000 ea,
904 959 960 1000 εμπ.

795 1208 934 1253 CAP.
962 1210 1060 1254 III.

407 1335 495 1379 DE
522 1333 744 1379 VAFRE
781 1333 995 1379 DICTIS
1032 1333 1166 1379 AUT
1197 1335 1442 1380 FACTIS.

425 1464 450 1488 Α
465 1463 650 1488 nonnus.
1178 1463 1227 1488 ΑΒ
1242 1464 1437 1488 Ex'rzums.

211 1518 230 1548 1
254 1514 423 1548 Antistite
440 1516 560 1556 templi
575 1515 711 1548 Dianae.
977 1518 996 1548 1
1020 1515 1219 1548 Alexandro
1240 1517 1371 1558 Magno
1385 1520 1422 1549 et
1437 1514 1584 1559 quodam
1600 1515 1666 1547 asi-

209 1562 232 1591 2
255 1559 295 1592 L.
309 1559 416 1593 Junio
432 1559 556 1592 Bruto.
1064 1560 1174 1592 nario.

211 1605 232 1634 3
256 1601 299 1635 Ρ.
313 1602 476 1644 Scipione
491 1601 656 1634 Africano
672 1601 813 1643 majore.
975 1605 996 1634 2
1020 1602 1119 1634 Darii
1135 1602 1228 1643 regis
1245 1602 1421 1645 equisone.

210 1647 232 1677 4
255 1645 300 1680 Q.
317 1646 424 1678 Fabio
439 1645 610 1678 Labeone.
976 1648 996 1677 3
1020 1645 1147 1678 Biante
1167 1646 1363 1679 Prienensi.

211 1691 232 1719 5
255 1689 307 1721 Μ.
324 1687 479 1722 Antonio
495 1693 647 1721 oratore.
976 1691 998 1721 4
1022 1689 1250 1722 Anaximene.

209 1734 234 1764 6
256 1732 298 1767 Q.
313 1732 482 1765 Sertorio.
976 1735 996 1764 5
1022 1733 1257 1765 Demosthene
1273 1736 1424 1765 oratore.

210 1776 231 1807 7
255 1775 300 1810 Q.
317 1775 424 1808 Fabio
440 1775 535 1807 Max.
552 1775 780 1807 Verrucosso.
979 1778 1006 1807 6.
1024 1776 1182 1809 Quodam
1199 1775 1417 1808 Atheniensi.

211 1822 233 1852 8
257 1818 309 1851 Μ.
327 1819 466 1851 Volusio
477 1819 666 1851 Saturnino
681 1819 773 1851 aedil.
789 1818 880 1862 pleb.
978 1822 999 1851 7
1022 1819 1221 1851 Hannibale
1236 1819 1398 1861 Gisgonis
1413 1819 1452 1852 F.
1469 1818 1593 1850 Poeno.

209 1865 233 1894 9
254 1861 373 1895 Sentio
388 1862 586 1895 Saturnino.
978 1865 1000 1894 8
1025 1862 1222 1895 Hannibale
1238 1862 1448 1896 Hamilcaris
1464 1863 1503 1895 F.
1518 1862 1641 1894 Poeno.

190 1906 232 1938 10
255 1905 306 1939 Pa
309 1911 364 1938 tre
379 1905 538 1949 quodam.
979 1908 1001 1938 9
1022 1906 1242 1939 Tusculanis.

958 1951 1001 1982 10
1023 1950 1124 1982 Tullo
1140 1949 1251 1991 Attio,
1270 1949 1463 1982 voscorum
1480 1948 1583 1981 duce.

249 2057 350 2102 Es'r
372 2058 495 2101 aliud
515 2058 739 2102 factorum
759 2059 1069 2115 dictorumque
1090 2073 1228 2115 genus
1247 2072 1275 2102 a
1295 2059 1518 2115 sapientia
1537 2072 1671 2115 prox-

193 2127 286 2171 imo
318 2127 495 2170 deflexu
530 2127 588 2170 ad
621 2127 817 2171 vafritiae
830 2134 844 2154 ¹
886 2141 1048 2171 nomen
1071 2140 1387 2184 progressum:
1428 2127 1549 2184 quod
1582 2128 1668 2170 nisi

191 2195 408 2239 fallacia²
450 2196 568 2239 vires
599 2196 875 2248 assumserit,
911 2197 1044 2239 fidem
1078 2196 1307 2252 propositi
1326 2210 1415 2240 non
1446 2197 1672 2240 invenit:“

191 2264 462 2321 laudemque
484 2265 663 2331 occulto
682 2266 826 2320 magis
846 2265 1042 2319 tramite,
1063 2279 1198 2322 quam
1219 2269 1374 2322 aperta
1390 2266 1468 2311 via
1486 2266 1614 2322 petit.

235 2392 327 2424 «Est
347 2393 436 2425 aliud
458 2403 559 2434 genus
576 2393 739 2433 sactorum
761 2394 986 2436 dictorumque,
1001 2396 1083 2437 quod
1096 2405 1116 2426 α
1129 2395 1286 2437 sapientia
1300 2395 1424 2437 quidem
1438 2392 1602 2443 procedit‚·
1617 2392 1672 2423 sed

192 2435 233 2467 ad
249 2435 338 2474 unsre
351 2437 432 2468 dicti
444 2440 501 2469 aut
515 2436 602 2476 facti
617 2438 858 2487 appellationem
870 2438 1033 2480 deflectit.-
1055 2439 1136 2480 quod
1148 2448 1250 2480 genus
1272 2439 1336 2471 uisi
1355 2448 1424 2471 cum
1441 2437 1578 2479 fallacia
1601 2446 1670 2468 con·

185 2477 333 2517 junctum
354 2481 411 2521 sit,
430 2490 494 2512 non
508 2480 687 2522 assequitur
700 2482 780 2523 quod
794 2481 854 2513 sibi
865 2482 1042 2523 proposuit.

811 2567 891 2584 ‘100
893 2570 991 2585 ‘0⁴00‘
993 2571 1054 2585 000

237 2639 256 2669 1
279 2636 359 2669 Hoc
376 2637 549 2670 anstio
566 2641 632 2671 est.
653 2637 767 2678 ‘vafer
788 2638 895 2671 habet
923 2639 1054 2680 Ultraj.
1083 2638 1183 2680 prim.
1205 2637 1309 2678 vqfrie
1332 2637 1420 2679 Cop.
1449 2635 1550 2670 Harl.
1571 2636 1669 2670 Leid.

196 2682 279 2712 tert.
295 2684 331 2711 et
348 2686 461 2721 quart.
482 2681 586 2723 vafre,
603 2682 742 2724 reliqui.
787 2682 891 2716 Quod
908 2683 936 2714 si
952 2683 1042 2714 linea
1060 2686 1258 2713 transversa
1273 2680 1376 2721 vafrie
1395 2684 1547 2722 notetur,
1569 2681 1671 2723 plane

198 2727 266 2762 est,
288 2723 378 2764 quod
393 2724 553 2757 Vorstius
569 2725 667 2757 dedit
680 2726 843 2765 vast-ilice.-
867 2726 918 2758 sic
942 2726 1033 2757 enim
1058 2726 1185 2781 passim
1206 2724 1360 2756 occurrit
1382 2733 1452 2764 groe
1468 2733 1531 2766 pro
1542 2724 1674 2765 gratia,

200 2770 237 2798 et
252 2765 377 2798 similia
393 2766 470 2799 alia.
516 2767 642 2810 ltaque
668 2769 734 2802 hoc
760 2769 981 2802 retinendum
1006 2767 1148 2802 censui.
1177 2768 1258 2801 Torr
1260 2778 1309 2801 en.
1310 2770 1374 2801 -2
1397 2767 1562 2802 Perizon.
1588 2767 1674 2810 legit
