1878 3132
253 148 340 190 562
650 159 866 192 visum-111
901 160 1096 192 MAxrm
1130 161 1226 192 mn.
1259 161 1303 192 v.

254 258 298 298 in
317 257 469 311 capite
490 254 589 312 ejus
606 257 759 299 subito
778 257 918 300 veluti
948 270 1116 300 cornua
1131 257 1147 282 ‘¹
1178 261 1440 312 crepserunt
1457 262 1516 300 :¹4
1541 269 1733 315 resp-(m-

253 338 439 380 sumque
471 329 538 367 est
557 328 731 380 ‘regem
767 331 916 367 eum¹⁵
947 326 1061 377 fore,
1091 326 1130 368 si
1162 325 1208 368 in
1245 325 1411 369 Urbem
1447 328 1733 371 revertisset?

255 393 396 444 Quod
416 407 471 437 ne
501 395 739 446 accideret,
762 395 1057 437 voluntarium
1088 395 1270 437 sibimet
1300 409 1355 437 ac
1381 400 1647 451 perpetuum
1666 396 1733 438 in-

254 462 373 504 dixit
402 462 618 505 exilium.e
679 463 872 517 Dignam
905 464 1131 518 pietatem,
1152 478 1271 518 quae,
1293 464 1417 519 quod
1449 464 1507 507 ad
1539 465 1732 507 solidam

254 530 444 583 gloriam
473 531 651 582 attinet,
671 536 842 587 septem
873 532 1050 585 regibus
1080 531 1402 586 proeferatur.¹⁶
1463 532 1610 589 Cujus
1638 537 1732 575 tes-

253 599 404 642 tandae
425 600 487 641 rei
508 601 652 654 gratia
670 600 835 655 capitis
856 599 1021 653 effigies
1041 612 1168 641 aereae
1184 605 1217 631 ¹⁷
1236 604 1396 655 portae,
1415 614 1506 656 qua
1524 613 1733 644 excesse-

253 672 341 718 rat,
362 668 540 710 inclusa
573 674 671 710 est:
706 668 919 723 dictaque
943 666 1332 721 Raudusculana‚f
1355 669 1478 725 quod
1502 670 1612 712 olim
1639 681 1735 712 ωτι

251 735 440 779 raudera
457 736 749 778 dicebantur.‡

310 807 354 847 4.
386 805 618 848 Genucius
638 805 788 846 laudis
808 803 959 859 hujus,
982 817 1074 859 qua
1103 805 1247 861 major
1277 806 1528 862 excogitari
1547 806 1630 853 vix
1649 818 1732 862 po-

253 874 395 925 test,¹⁸
426 874 759 916 successionem
790 873 914 915 AElio
953 874 1138 928 praetori
1177 875 1376 919 tradidit.
1433 874 1525 918 Cui
1555 874 1734 930 jus-di-

837 978 843 984 *
873 984 1121 997 ”mmo-e

255 1057 343 1085 vett.
362 1053 494 1085 Genitio
512 1053 712 1094 Cippo.—14
734 1052 792 1084 Sic
818 1053 966 1085 maxima
988 1058 1025 1084 et
1041 1055 1114 1095 opt.
1131 1061 1212 1095 pars
1236 1051 1337 1085 codd.
1351 1061 1428 1084 cum
1441 1052 1538 1094 Mog.
1553 1050 1611 1086 alii
1626 1060 1735 1094 erupe-

255 1100 342 1137 runt,
366 1097 439 1129 sive
453 1099 668 1129 emerserunt.-
690 1096 829 1137 Lipsius
852 1096 886 1128 in
913 1105 974 1127 suo
996 1096 1130 1128 invenit
1154 1099 1334 1137 erexerunt,
1357 1095 1408 1128 uti
1432 1095 1563 1127 liabent
1589 1094 1733 1127 Leida.

257 1141 391 1181 Copes.
410 1145 447 1172 et
462 1141 546 1172 Vet.
569 1141 579 1158 ⁴
594 1139 696 1172 Licet
720 1139 894 1182 hucusque
916 1139 999 1172 inde
1022 1140 1066 1172 ab
1094 1139 1183 1173 Aldo
1199 1138 1331 1172 editum
1345 1139 1391 1172 sit
1405 1141 1611 1180 emerserunt,
1626 1137 1734 1173 malui

255 1188 371 1215 tamen
384 1183 480 1226 sequi
493 1184 609 1226 plures
623 1192 754 1224 eosque
773 1183 932 1215 meliores
944 1182 1047 1215 codd.
1072 1188 1109 1215 et
1125 1182 1228 1215 edere
1245 1186 1437 1225 crepserunt.
1467 1182 1532 1215 Cui
1549 1181 1612 1213 hoc
1623 1180 1734 1213 minus

256 1227 386 1268 placet,
402 1227 534 1269 islegat
549 1225 762 1259 emerserunt!
787 1226 905 1269 Kapp.
952 1227 1067 1258 Bitur.
1086 1230 1117 1259 1.
1128 1227 1315 1267 repserunt,-
1331 1225 1461 1259 Medic.
1476 1228 1509 1260 2.
1523 1227 1736 1266 erumperunt.

254 1273 339 1302 -15
365 1271 498 1303 Medic.
516 1273 546 1302 1.
563 1269 658 1302 delet
681 1280 763 1310 eum,
780 1270 874 1312 quod
890 1279 957 1302 non
974 1270 1151 1311 improbat
1164 1269 1452 1302 Torrenius.—16
1477 1269 1578 1301 Leid.
1595 1269 1627 1300 1.
1650 1277 1736 1310 pra-

246 1314 519 1355 seraturgloriae,
546 1323 589 1345 ex
607 1313 722 1354 glossa
738 1317 842 1354 putat
857 1313 948 1345 idem
975 1314 1207 1346 Turrem—1⁷
1233 1313 1384 1346 ‘Caucln
1408 1312 1529 1354 Camp.
1555 1311 1672 1344 Periz.
1698 1314 1736 1343 et

255 1357 353 1390 Leid.
384 1359 496 1399 quint.
524 1362 630 1399 atque
647 1356 880 1389 Chalcocond.
900 1366 998 1396 oerea,
1023 1357 1098 1389 scil.
1114 1355 1257 1397 effigies.
1301 1356 1427 1398 sicque
1454 1354 1568 1389 edidit
1590 1353 1735 1396 Pighius

255 1410 333 1432 cum
354 1401 429 1433 aliis
452 1405 532 1442 post
547 1410 625 1432 eum
642 1399 844 1432 editoribus.
890 1399 941 1432 At
962 1400 1071 1432 ceteri
1087 1400 1176 1431 Mss.
1192 1398 1367 1431 Vet.Aid.
1382 1399 1527 1441 aliaeque
1540 1407 1643 1438 aereoe,
1657 1397 1735 1429 scil.

255 1449 381 1485 port-«c,
405 1444 496 1486 quod
524 1444 628 1476 etiam
652 1443 840 1475 Torrenius
865 1442 1004 1485 probat.
1050 1443 1144 1485 Ergo
1165 1452 1257 1475 oereae
1271 1442 1448 1474 revocavi.
1479 1441 1622 1474 Celei-us
1637 1439 1737 1473 malit

254 1491 374 1520 oerutoe.
420 1488 607 1519 Enimvero
615 1496 708 1519 aereae
724 1496 786 1528 pro
804 1490 935 1527 aeratae,
949 1487 1004 1518 vel
1020 1495 1091 1518 aere
1103 1486 1231 1519 vinctae
1248 1495 1268 1517 a
1285 1485 1425 1518 Valerio
1435 1485 1567 1517 dictum
1583 1483 1736 1524 videtur,

255 1536 295 1563 ut
305 1541 397 1573 saepe
413 1541 527 1563 aureus
544 1540 608 1573 pro
623 1534 762 1562 auratus
778 1529 871 1571 apud
886 1530 1038 1562 Veteres
1062 1529 1267 1571 scriptores.
1292 1528 1363 1561 vid.
1387 1529 1533 1561 Sueten.
1559 1526 1652 1569 Aug.
1667 1525 1735 1559 623

256 1575 365 1616 Kapp.
410 1575 496 1607 Mox
510 1584 573 1615 pro
590 1573 838 1605 Raudusculana
855 1573 960 1606 codd.
977 1573 1159 1612 exhibent,
1174 1573 1405 1613 Rodusculona,
1419 1571 1653 1611 Reduc-utana,
1669 1570 1735 1602 Ro-

255 1619 437 1657 «tusculana,
462 1617 715 1658 Rauduscolona,
739 1617 977 1650 Rudusculana.
1023 1616 1164 1648 Deinde
1193 1616 1276 1657 quod
1304 1616 1340 1648 in
1371 1614 1604 1656 compluribus
1634 1613 1737 1647 deest

255 1662 355 1694 codd.
372 1662 432 1703 qui
458 1662 563 1693 etiam
591 1659 665 1692 fere
690 1669 807 1692 omnes
833 1659 996 1695 dicebatur
1019 1659 1206 1693 exhibent:
1230 1659 1330 1691 multi
1344 1658 1420 1691 clim
1433 1659 1611 1696 cronaca,-
1634 1655 1737 1694 Harl.

255 1705 329 1736 olim
343 1716 379 1737 ea
388 1706 527 1736 raudera
540 1714 552 1742 ‚⁶
575 1704 690 1736 Bitur.
706 1706 738 1736 1.
760 1703 836 1735 olim
849 1712 908 1735 ara
922 1704 1060 1737 raudera
1075 1714 1087 1741 ,·
1109 1702 1216 1735 Barb.
1233 1705 1264 1734 1.
1290 1703 1364 1734 olim
1377 1702 1563 1739 oerandaera5
1587 1699 1686 1737 laeid-
1697 1703 1732 1738 δ’,

257 1749 332 1780 olim
359 1748 563 1787 Heramlera,
594 1751 630 1779 et
655 1756 717 1788 pro
739 1757 771 1778 v.
788 1747 811 1778 Ι.
840 1746 1059 1784 Hexandera,·
1080 1747 1209 1787 Vulgg.
1237 1750 1317 1782 ante
1341 1745 1443 1787 Pigh.
1459 1745 1535 1777 otim
1549 1744 1735 1782 raudo-isra

255 1791 463 1828 dicebantur5
484 1791 582 1832 Mog.
596 1790 671 1822 olim
685 1793 790 1821 autem
815 1789 992 1822 Eraridera
1007 1789 1168 1821 dicebatur
1181 1800 1194 1827 ‚-
1217 1788 1346 1821 Venet.
1363 1791 1396 1821 4.
1418 1788 1566 1829 dictaque
1587 1786 1734 1822 Raudus-

255 1835 378 1876 culam,
400 1835 474 1866 olim
497 1835 645 1875 raudaera
668 1833 852 1870 dicebatur,-
876 1832 1023 1868 Ascens.
1046 1834 1128 1873 quod
1157 1832 1232 1864 olim
1257 1833 1358 1864 raudo
1387 1841 1446 1863 ara
1470 1830 1734 1865 cimbatum-18

257 1878 346 1910 Haec
362 1877 490 1909 verba:
519 1887 579 1918 qua
592 1876 692 1915 major
716 1877 892 1915 excogitari
915 1877 973 1909 vix
993 1879 1107 1916 potest,
1125 1875 1334 1907 omittuntur
1347 1874 1382 1906 in
1399 1883 1462 1907 sex
1477 1873 1578 1910 codd.
1591 1874 1735 1909 Tui-ren.

255 1926 389 1963 septem
406 1921 476 1961 alii,
490 1920 526 1952 in
547 1920 670 1962 quibus
686 1919 810 1960 Ultraj.
829 1923 858 1951 l.
875 1924 912 1951 et
928 1919 1090 1953 perizon.
1105 1928 1183 1951 cum
1197 1919 1278 1950 Vet.
1292 1928 1385 1959 quam
1405 1917 1540 1950 aliorum
1555 1916 1734 1957 excogitan·

254 1965 312 1996 vix
325 1968 453 2005 μυῖα-εκ
475 1964 546 2005 alii,
567 1973 629 2004 qua
645 1962 780 1995 aliorum
803 1963 982 2003 excogitari
1001 1963 1059 1996 vix
1081 1965 1204 2003 potest-3
1228 1961 1321 1993 unde
1344 1961 1530 1996 Torrenius
1551 1959 1642 2002 conj.
1671 1968 1735 2001 qua

257 2008 358 2047 major
372 2008 504 2039 aliorum
520 2017 547 2039 e.
563 2017 592 2039 υ.
607 2017 639 2047 p.
657 2007 716 2037 sed
746 2006 838 2038 idem
863 2009 994 2045 monet,
1023 2015 1091 2038 non
1118 2014 1205 2046 opus
1232 2014 1308 2037 esse
1332 2004 1536 2041 mutatione.
1584 2002 1735 2039 chiliu!

255 2052 356 2083 laudis
372 2052 465 2092 hujus
478 2050 699 2084 successionem
715 2050 750 2081 in
767 2049 849 2082 edd.
860 2049 1015 2090 plurimis
1031 2053 1115 2081 ante
1128 2048 1230 2090 Pigh.
1275 2049 1360 2081 Mox
1377 2047 1477 2083 codd.
1490 2057 1600 2091 propo
1616 2055 1734 2085 omnes

924 2157 1067 2190 NOTAE

299 2242 315 2264 ‘¹
343 2244 452 2276 Veluti
480 2243 611 2286 cornua]
648 2244 787 2276 Cornua
816 2242 966 2275 Genucii
1021 2242 1032 2260 ‘
1050 2242 1156 2274 rudus
1171 2241 1194 2274 ε’
1217 2241 1366 2273 Varroni
1388 2248 1473 2272 vero
1498 2243 1536 2271 et
1562 2238 1667 2270 Festo
1683 2247 1732 2270 aes

255 2295 345 2326 haud
361 2305 461 2327 secus
485 2305 526 2327 ac
548 2294 728 2327 Actaeonis
741 2293 900 2326 fabulosa
914 2292 965 2324 fu·
1020 2302 1120 2324 omne
1138 2293 1147 2310 ‘
1163 2291 1318 2331 raudus‚'
1334 2291 1389 2323 vel
1413 2291 1423 2308 ‘
1434 2289 1568 2323 rudus:’
1590 2289 1733 2321 nonnul-

256 2345 322 2378 isse
336 2345 443 2377 tradit
460 2346 593 2377 Plinius
610 2345 670 2377 lib.
685 2353 738 2377 xi.
757 2354 786 2376 c.
802 2347 855 2376 37.
1020 2343 1046 2375 li
1075 2344 1198 2384 legunt
1223 2343 1257 2374 in
1288 2342 1430 2374 Valerio
1458 2342 1583 2378 rauda5
1611 2340 1733 2372 melius

303 2402 318 2418 θ
342 2397 563 2429 Voluntarium
587 2395 710 2427 sibimet
726 2394 874 2435 exilium]
899 2394 964 2426 Vo-
1021 2399 1133 2427 tamen
1163 2396 1279 2427 rudera
1306 2394 1441 2436 legeris.
1494 2393 1553 2425 Sic
1569 2391 1661 2424 enim
1684 2391 1733 2422 di-

257 2451 335 2480 cato
349 2452 452 2480 extra
467 2451 584 2491 portas
599 2446 729 2478 Senatu
746 2447 789 2477 de
808 2445 966 2487 prodigio
1022 2445 1191 2477 cebantur
1214 2444 1328 2477 frusta
1358 2444 1451 2485 aerin,
1475 2453 1568 2478 asses
1583 2447 1621 2476 et
1635 2452 1732 2474 num-

257 2500 398 2538 retulit;
423 2509 463 2531 ac
495 2508 538 2530 ne
570 2498 650 2540 quid
673 2497 873 2529 detrimenti
892 2495 966 2528 fato
1021 2497 1067 2529 mi
1093 2497 1192 2537 aerei,
1219 2501 1258 2528 ut
1289 2506 1332 2528 ex
1356 2496 1455 2528 Livio
1485 2498 1595 2537 patet.
1641 2493 1731 2528 Haee

259 2559 318 2580 suo
352 2550 562 2592 Respublica
597 2549 786 2590 acciperet,
824 2547 966 2579 decerni
1022 2553 1127 2589 porta
1156 2548 1356 2590 appellatur
1384 2558 1404 2580 a
1429 2547 1589 2579 Varrone
1620 2545 1733 2578 ‘Rau-

257 2601 321 2632 sibi
347 2602 455 2633 voluit
476 2601 640 2633 exilium:
665 2610 748 2642 ager
762 2599 812 2631 illi
828 2599 967 2631 honoris
1020 2599 1187 2640 duscula,'
1204 2609 1225 2630 a
1240 2600 1346 2631 Festo
1360 2599 1370 2616 ‘
1382 2595 1673 2630 Raudusculana!

259 2662 362 2683 causa
374 2662 417 2683 ex
431 2652 569 2693 publico
586 2652 699 2684 datus.
1065 2655 1080 2689 ss
1103 2650 1170 2683 An.
1189 2651 1238 2682 M.
1254 2652 1351 2682 3816.
1370 2649 1426 2681 01.
1444 2651 1518 2680 135.
1538 2651 1570 2681 3.
1587 2647 1672 2680 Urb.
1689 2647 1730 2681 C.

302 2700 313 2721 f
342 2702 598 2743 Raudusculana]
635 2702 693 2734 AEs
721 2701 807 2734 rude
837 2701 966 2733 dicitur
1019 2705 1094 2734 515.
1114 2701 1197 2734 Ant.
1213 2701 1276 2734 Ch.
1291 2703 1367 2733 23⁷.

259 2751 390 2792 Cincio,
406 2753 415 2769 ‘
430 2753 648 2785 rudusculum
664 2753 685 2793 ;’
709 2763 755 2785 aes
779 2752 962 2785 conflatum
