1878 3132
266 142 352 186 592
648 154 860 189 vunnu
893 157 1089 191 MAxxm
1122 159 1218 193 ΜΒ.
1253 159 1323 195 vra

266 250 356 291 lam
389 249 446 291 ad
491 252 702 295 consules
743 254 910 297 detulit.
988 256 1033 298 A
1068 259 1232 312 quibus
1266 260 1353 302 hac
1385 258 1442 301 de
1488 272 1536 303 re
1569 259 1732 304 certior

264 319 410 361 factus
429 323 624 372 senatuS‚
654 324 668 343 ‘
682 322 878 364 Plotium
897 324 941 365 in
961 336 1185 368 carcerem
1201 327 1303 369 duci
1316 327 1327 343 '
1350 327 1505 382 Jussit.
1550 328 1606 372 In
1620 341 1732 384 qua-

265 388 493 444 licumque
513 390 630 431 enim
653 395 774 433 statu
809 392 1005 446 positam
1019 392 1055 418 ²⁸
1101 393 1311 438 Romano
1332 396 1535 450 sanguini
1553 395 1731 452 pudici·

266 456 374 499 tiam
393 459 530 499 tutam
553 472 654 500 esse
671 459 828 501 voluit.

324 525 396 568 10.
426 524 484 568 Et
523 527 632 581 quid
665 528 838 579 mirum,
877 529 917 571 si
950 527 1037 571 hoc
1071 530 1271 572 universi
1291 531 1450 574 Patres
1489 531 1734 586 conscripti

268 595 562 637 censuerunt?
595 594 646 637 C.
668 592 947 637 Pescennius
960 601 997 630 ²9
1026 598 1228 640 triumvir
1239 599 1461 654 capitalis,
1477 599 1733 643 Cornelium
1763 640 1766 643 Α

265 662 510 705 fortissime
530 663 704 706 militiae
727 664 954 718 stipendia
984 666 1232 717 emeritum,
1264 666 1534 723 virtutisque
1553 670 1734 710 nomine

267 736 424 786 quater
442 731 610 774 honore
632 732 844 787 primipili
875 733 933 774 ab
971 733 1317 788 imperatoribus
1349 734 1583 787 donatum,
1609 734 1734 790 quod

267 813 371 842 cum
404 800 593 854 ingenuo
615 800 950 843 adolescentulo
982 801 1127 856 stupri
1150 803 1468 845 commercium
1486 802 1732 854 habuisset,

263 868 457 923 publicis
478 868 669 910 vinculis
704 869 919 911 oneravit.
963 867 1008 910 A
1040 882 1131 924 quo
1162 870 1378 924 appellati
1413 870 1598 923 tribuni,
1626 883 1733 914 cum

268 936 324 978 de
345 940 502 991 stupro
522 935 628 978 nihil
644 941 839 990 negaret,
851 937 930 979 sed
947 939 961 959 ‘
977 938 1263 992 sponsionem
1280 952 1329 981 se
1344 939 1491 982 facere
1507 937 1734 994 paratum’

268 1003 451 1055 diceret,
483 1006 496 1024 ‘
514 1003 636 1058 quod
658 1003 923 1047 adolescens
942 1004 1019 1046 ille
1049 1006 1197 1060 palam
1218 1011 1354 1062 atque
1372 1012 1528 1062 aperte
1548 1019 1734 1062 corpore

226 1071 229 1074 ’
269 1077 491 1127 quaestum
540 1072 819 1123 factitasset,’
867 1073 1232 1116 intercessionem
1260 1088 1409 1117 ‘suam
1457 1076 1734 1130 interponere

266 1141 518 1182 noluerunt.
580 1141 743 1195 Itaque
765 1140 998 1184 Cornelius
1029 1143 1074 1184 in
1094 1156 1272 1186 carcere
1298 1144 1411 1186 mori
1442 1148 1628 1186 coactus
1647 1145 1744 1186 est.-

269 1208 376 1250 Non
397 1211 604 1263 putarunt
629 1209 842 1251 tribuni³0
871 1210 1018 1264 plebis
1050 1212 1371 1266 rempublicam
1403 1215 1604 1260 nostram
1633 1223 1735 1253 cum
1758 1238 1762 1243 ſs

267 1276 456 1319 fortibus
477 1277 583 1320 viris
603 1278 776 1332 pacisci
797 1281 1020 1332 oportere,
1043 1283 1093 1320 ut
1114 1279 1309 1322 externis
1329 1279 1541 1335 periculis
1561 1278 1733 1321 domes—

266 1345 381 1388 ticas
402 1346 589 1388 delicias
610 1351 839 1389 emerent?

328 1414 398 1456 11.
445 1414 699 1456 Libidinosi·
747 1414 1014 1457 centurionis
1067 1415 1356 1469 supplicium,
1407 1414 1474 1457 M.
1505 1415 1733 1458 Laetorii³¹

269 1481 414 1536 Mergi
434 1482 600 1524 tribuni
621 1483 840 1532 militariS,
863 1495 991 1537 aeque
1011 1482 1169 1529 similis
1190 1482 1341 1524 foedus
1352 1483 1503 1525 exitus
1523 1483 1734 1538 sequitur.

268 1551 356 1593 Cui
373 1551 606 1595 Cominius
626 1555 831 1596 tribunus
847 1552 995 1608 plebis
1016 1553 1136 1594 diem
1158 1553 1216 1594 ad
1231 1553 1445 1607 populum
1460 1552 1591 1602 dixit,
1610 1550 1735 1607 quod

268 1621 605 1665 cornicularium
618 1627 645 1645 ¹¹¹
675 1635 801 1665 suum
822 1621 966 1676 stupri
986 1633 1126 1678 causa
1145 1621 1472 1675 appellasset.³²
1514 1619 1561 1662 N
1562 1633 1613 1662 ec
1635 1631 1735 1662 sus-

310 1779 323 1796 e
343 1775 475 1808 Tribuni
493 1776 591 1817 plebis
604 1777 768 1809 noluerunt
781 1777 978 1818 permittere,
988 1781 1023 1809 ut
1038 1777 1118 1808 viris
1128 1776 1271 1814 sortibus
1293 1776 1401 1808 liceret
1424 1775 1507 1807 domi
1519 1773 1683 1806 libidinose
1704 1776 1737 1805 et

266 1819 404 1860 turpiter
417 1819 531 1861 vivere,
545 1820 618 1861 quia
627 1819 712 1860 foris
724 1822 862 1862 pericula
874 1830 1021 1861 generose
1031 1820 1206 1853 subierant.

881 1925 1119 1938 eeeeeeeeeeee

269 2003 365 2045 Lips.
379 2007 416 2035 et
427 2003 546 2036 Vorst.
557 2007 676 2036 contra
687 2012 803 2036 omnes
817 2003 919 2035 codd.
931 2007 967 2036 et
981 2003 1059 2036 edd.
1073 2006 1159 2036 vett.
1175 2003 1296 2044 legunt
1305 2002 1420 2044 posito,
1431 2001 1522 2044 quod
1536 1998 1737 2042 improbant

268 2046 427 2078 Perizon.
442 2046 589 2079 Tol-ren.
605 2051 642 2078 et
658 2047 862 2088 Kapp.—29
885 2047 1047 2079 Nonnulli
1071 2045 1157 2078 Mss.
1182 2055 1306 2077 nomen
1336 2045 1504 2077 triumviri
1527 2043 1662 2075 faciunt
1689 2042 1735 2075 G.

267 2089 477 2122 Fescennium
497 2089 536 2120 τὸ
549 2090 708 2130 capitalis,
731 2090 832 2121 deest
857 2090 892 2121 in
919 2088 1128 2132 editionibus
1147 2089 1295 2121 vetustis
1321 2093 1357 2120 et
1379 2088 1493 2119 multis
1518 2087 1604 2118 Mss.
1648 2085 1735 2117 Mox

264 2132 363 2174 primi
374 2132 435 2173 pili
451 2132 648 2173 disjunctim
666 2133 700 2164 in
716 2132 962 2173 aliquotcodd.
979 2133 1070 2174 quod
1087 2133 1202 2173 placet
1214 2131 1482 2163 Torrenio‚—30
1498 2131 1571 2162 Non
1583 2130 1736 2178 putqnmt

267 2175 350 2207 enim
363 2174 484 2206 tribum·
495 2175 655 2207 undecim
670 2174 771 2207 codd.
783 2175 928 2207 Tol-reu.
941 2181 1019 2207 eum
1033 2176 1115 2207 Vet.
1125 2180 1166 2206 ut
1182 2175 1216 2206 in
1228 2173 1296 2206 fine
1312 2174 1473 2214 Exempli
1489 2173 1736 2220 superioris-ff·-

267 2220 309 2250 31
334 2216 429 2250 Ante
446 2218 607 2259 Pighium
625 2218 677 2251 M.
693 2218 834 2250 Lectorii
849 2218 1042 2258 legebatur,
1066 2217 1155 2260 quod
1184 2218 1216 2248 in
1246 2216 1451 2259 quibusdam
1477 2215 1578 2247 codd.
1604 2214 1737 2264 invenit

266 2261 410 2292 'rm-ren.
439 2261 500 2292 sed
530 2260 663 2292 Loetorii
688 2265 820 2292 rectum
847 2270 924 2292 esse
950 2262 1052 2293 etiam
1082 2270 1124 2292 ex
1149 2259 1256 2292 Suida
1280 2264 1392 2301 patet.
1438 2259 1523 2290 Mox
1551 2257 1683 2299 Lipsius
1698 2254 1736 2287 τὸ

267 2303 383 2335 similis
407 2302 583 2343 infartam,
609 2307 645 2334 et
671 2303 940 2344 expungendum
970 2308 1111 2335 censet:
1142 2304 1305 2335 Schottus
1336 2302 1419 2334 item
1443 2301 1498 2333 vel
1526 2310 1613 2341 oeque
1628 2297 1737 2338 foedun

269 2347 375 2378 exitus
391 2346 445 2377 vel
460 2346 575 2378 similis
590 2346 696 2377 exitus
711 2345 894 2387 legendum
906 2345 1056 2387 judicat.
1085 2345 1175 2377 Vide
1191 2345 1276 2376 Obs.
1293 2345 1397 2377 Huni.
1414 2352 1471 2376 111.
1483 2346 1537 2375 32.
1565 2343 1737 2383 Suspecta

270 2389 392 2421 eadem
405 2398 471 2421 vox
485 2388 552 2421 fuit
567 2389 762 2430 Perizonio,
785 2398 930 2432 eamque
946 2389 1062 2421 omisit
1086 2388 1370 2421 Ascensius.—32
1394 2386 1524 2420 Medic.
1547 2389 1578 2419 l.
1602 2385 1645 2417 ad
1667 2387 1733 2416 stu-

930 2493 1072 2526 NOTAE

310 2582 616 2624 mCornicularium]
627 2582 977 2622 Corniculariierant‚
1033 2579 1156 2611 tarium
1183 2579 1343 2619 ministri,
1373 2578 1430 2621 qui
1458 2577 1591 2619 vigilias
1615 2585 1734 2609 eorum

269 2634 326 2665 vel
337 2634 486 2675 accensi,
500 2634 558 2676 qui
579 2634 612 2666 in
629 2634 717 2666 aciei
731 2632 893 2665 cornibus
910 2641 977 2663 una
1032 2629 1105 2661 loco
1117 2629 1350 2661 circumirent.
1396 2627 1496 2662 Quod
1508 2626 1736 2659 'l'ribunorum

269 2693 347 2716 cum
364 2685 619 2717 Decurionibus
635 2687 896 2722 statuerentur-3
919 2682 976 2714 vel
1030 2679 1174 2720 imperia
1197 2679 1373 2711 corniculo
1398 2677 1554 2719 ederent,
1578 2678 1736 2711 comicu-

268 2733 397 2774 potius,
412 2743 455 2766 ex
470 2734 621 2777 sigonio,
643 2734 869 2767 Tribunorum
891 2731 979 2765 mili·
1034 2731 1110 2764 larii
1133 2730 1218 2764 dicti
1240 2734 1331 2762 sunt.
