<?xml version="1.0" encoding="UTF-8"?>
<!DOCTYPE html PUBLIC "-//W3C//DTD XHTML 1.0 Transitional//EN"
    "http://www.w3.org/TR/xhtml1/DTD/xhtml1-transitional.dtd">
<html xmlns="http://www.w3.org/1999/xhtml" xml:lang="en" lang="en">
 <head>
  <title>
</title>
<meta http-equiv="Content-Type" content="text/html;charset=utf-8" />
  <meta name='ocr-system' content='tesseract 3.04.00' />
  <meta name='ocr-capabilities' content='ocr_page ocr_carea ocr_par ocr_line ocrx_word'/>
</head>
<body>
  <div class='ocr_page' id='page_1' title='image "./factorumdictorum02valeuoft_0059.png"; bbox 0 0 1878 3132; ppageno 0'>
   <div class='ocr_carea' id='block_1_1' title="bbox 333 221 1620 266">
    <p class='ocr_par' dir='ltr' id='par_1_1' title="bbox 333 221 1620 266">
     <span class='ocr_line' id='line_1_1' title="bbox 333 221 1620 266; baseline -0.002 0"><span class='ocrx_word' id='word_1_1' title='bbox 333 234 443 266; x_wconf 67' lang='lat' dir='ltr'><strong>cn.</strong></span> <span class='ocrx_word' id='word_1_2' title='bbox 468 234 499 265; x_wconf 94' lang='lat'><strong>1.</strong></span> <span class='ocrx_word' id='word_1_3' title='bbox 532 232 596 264; x_wconf 73' lang='lat' dir='ltr'><strong>nn</strong></span> <span class='ocrx_word' id='word_1_4' title='bbox 630 227 976 262; x_wconf 69' lang='grc' dir='ltr'><strong>ΗυΜΑΝιΤΑτΕ</strong></span> <span class='ocrx_word' id='word_1_5' title='bbox 1010 228 1070 259; x_wconf 73' lang='grc' dir='ltr'><strong>Εἰ·</strong></span> <span class='ocrx_word' id='word_1_6' title='bbox 1103 228 1415 261; x_wconf 73' lang='lat' dir='ltr'><strong>CLEMENTIA.</strong></span> <span class='ocrx_word' id='word_1_7' title='bbox 1532 221 1620 263; x_wconf 83' lang='lat'><strong>515</strong></span> 
     </span>
    </p>
   </div>
   <div class='ocr_carea' id='block_1_2' title="bbox 139 323 1637 1215">
    <p class='ocr_par' dir='ltr' id='par_1_2' title="bbox 139 323 1620 449">
     <span class='ocr_line' id='line_1_2' title="bbox 139 323 1620 381; baseline -0.005 -5"><span class='ocrx_word' id='word_1_8' title='bbox 139 336 208 376; x_wconf 83' lang='lat' dir='ltr'><strong>tro</strong></span> <span class='ocrx_word' id='word_1_9' title='bbox 229 331 445 375; x_wconf 87' lang='lat' dir='ltr'><strong>adversus</strong></span> <span class='ocrx_word' id='word_1_10' title='bbox 474 327 775 372; x_wconf 84' lang='lat' dir='ltr'><strong>Hannibalem</strong></span> <span class='ocrx_word' id='word_1_11' title='bbox 807 338 988 381; x_wconf 90' lang='lat' dir='ltr'><strong>quoque</strong></span> <span class='ocrx_word' id='word_1_12' title='bbox 1019 323 1092 367; x_wconf 84' lang='lat' dir='ltr'><strong>usi</strong></span> <span class='ocrx_word' id='word_1_13' title='bbox 1104 324 1140 356; x_wconf 85' lang='lat'><strong>⁸⁷</strong></span> <span class='ocrx_word' id='word_1_14' title='bbox 1170 323 1374 377; x_wconf 83' lang='lat' dir='ltr'><strong>fuissent,</strong></span> <span class='ocrx_word' id='word_1_15' title='bbox 1396 326 1620 369; x_wconf 86' lang='lat' dir='ltr'><strong>truculen-</strong></span> 
     </span>
     <span class='ocr_line' id='line_1_3' title="bbox 139 394 1435 449; baseline -0.004 -4"><span class='ocrx_word' id='word_1_16' title='bbox 139 402 198 445; x_wconf 89' lang='lat' dir='ltr'><strong>tis</strong></span> <span class='ocrx_word' id='word_1_17' title='bbox 218 400 451 445; x_wconf 83' lang='lat' dir='ltr'><strong>securibus</strong></span> <span class='ocrx_word' id='word_1_18' title='bbox 467 405 484 430; x_wconf 66' lang='grc' dir='ltr'><strong>Β</strong></span> <span class='ocrx_word' id='word_1_19' title='bbox 513 397 742 440; x_wconf 80' lang='lat' dir='ltr'>materiam</span> <span class='ocrx_word' id='word_1_20' title='bbox 765 394 980 438; x_wconf 82' lang='lat' dir='ltr'><strong>saeviendi</strong></span> <span class='ocrx_word' id='word_1_21' title='bbox 999 407 1086 436; x_wconf 92' lang='lat' dir='ltr'><strong>non</strong></span> <span class='ocrx_word' id='word_1_22' title='bbox 1108 394 1435 449; x_wconf 72' lang='lat' dir='ltr'><strong>praebuisserlt.†</strong></span> 
     </span>
    </p>

    <p class='ocr_par' dir='ltr' id='par_1_3' title="bbox 142 462 1637 1215">
     <span class='ocr_line' id='line_1_4' title="bbox 197 462 1624 520; baseline -0.004 -7"><span class='ocrx_word' id='word_1_23' title='bbox 197 471 243 513; x_wconf 84' lang='grc'><strong>6.</strong></span> <span class='ocrx_word' id='word_1_24' title='bbox 276 470 417 512; x_wconf 88' lang='lat' dir='ltr'><strong>Facta</strong></span> <span class='ocrx_word' id='word_1_25' title='bbox 448 468 674 510; x_wconf 82' lang='lat' dir='ltr'><strong>mentione</strong></span> <span class='ocrx_word' id='word_1_26' title='bbox 709 465 910 507; x_wconf 83' lang='lat' dir='ltr'><strong>acerrimi</strong></span> <span class='ocrx_word' id='word_1_27' title='bbox 940 463 1103 514; x_wconf 87' lang='lat' dir='ltr'><strong>hostis,</strong></span> <span class='ocrx_word' id='word_1_28' title='bbox 1140 462 1493 506; x_wconf 84' lang='lat' dir='ltr'><strong>mansuetudinis</strong></span> <span class='ocrx_word' id='word_1_29' title='bbox 1523 465 1624 520; x_wconf 84' lang='lat' dir='ltr'><strong>ejus</strong></span> 
     </span>
     <span class='ocr_line' id='line_1_5' title="bbox 142 531 1626 599; baseline -0.003 -19"><span class='ocrx_word' id='word_1_30' title='bbox 142 537 369 593; x_wconf 86' lang='lat' dir='ltr'><strong>operibus,</strong></span> <span class='ocrx_word' id='word_1_31' title='bbox 389 549 526 592; x_wconf 88' lang='lat' dir='ltr'><strong>quam</strong></span> <span class='ocrx_word' id='word_1_32' title='bbox 548 535 757 599; x_wconf 79' lang='lat' dir='ltr'><strong>Romano</strong></span> <span class='ocrx_word' id='word_1_33' title='bbox 787 532 958 575; x_wconf 89' lang='lat' dir='ltr'><strong>nomini</strong></span> <span class='ocrx_word' id='word_1_34' title='bbox 971 531 1006 556; x_wconf 77' lang='lat'><strong>⁸⁸</strong></span> <span class='ocrx_word' id='word_1_35' title='bbox 1037 532 1264 587; x_wconf 79' lang='lat' dir='ltr'><strong>praestitit,</strong></span> <span class='ocrx_word' id='word_1_36' title='bbox 1286 531 1441 574; x_wconf 90' lang='lat' dir='ltr'><strong>locum</strong></span> <span class='ocrx_word' id='word_1_37' title='bbox 1463 534 1539 587; x_wconf 88' lang='lat' dir='ltr'><strong>qui</strong></span> <span class='ocrx_word' id='word_1_38' title='bbox 1560 534 1626 575; x_wconf 91' lang='lat' dir='ltr'><strong>in-</strong></span> 
     </span>
     <span class='ocr_line' id='line_1_6' title="bbox 145 601 1629 658; baseline -0.003 -9"><span class='ocrx_word' id='word_1_39' title='bbox 145 611 214 649; x_wconf 82' lang='lat' dir='ltr'><strong>ter</strong></span> <span class='ocrx_word' id='word_1_40' title='bbox 231 619 394 649; x_wconf 88' lang='lat' dir='ltr'><strong>manus</strong></span> <span class='ocrx_word' id='word_1_41' title='bbox 414 610 484 648; x_wconf 90' lang='lat' dir='ltr'><strong>est</strong></span> <span class='ocrx_word' id='word_1_42' title='bbox 513 602 700 647; x_wconf 67' lang='lat' dir='ltr'><strong>finiam!</strong></span> <span class='ocrx_word' id='word_1_43' title='bbox 764 601 998 645; x_wconf 84' lang='lat' dir='ltr'><strong>Hannibal</strong></span> <span class='ocrx_word' id='word_1_44' title='bbox 1018 601 1135 643; x_wconf 90' lang='lat' dir='ltr'><strong>enim</strong></span> <span class='ocrx_word' id='word_1_45' title='bbox 1155 601 1331 643; x_wconf 88' lang='lat' dir='ltr'><strong>AEmilii</strong></span> <span class='ocrx_word' id='word_1_46' title='bbox 1352 601 1482 643; x_wconf 87' lang='lat' dir='ltr'><strong>Pauli</strong></span> <span class='ocrx_word' id='word_1_47' title='bbox 1504 603 1629 658; x_wconf 88' lang='lat' dir='ltr'><strong>apud</strong></span> 
     </span>
     <span class='ocr_line' id='line_1_7' title="bbox 145 670 1628 728; baseline -0.003 -10"><span class='ocrx_word' id='word_1_48' title='bbox 145 674 328 718; x_wconf 87' lang='lat' dir='ltr'><strong>Cannas</strong></span> <span class='ocrx_word' id='word_1_49' title='bbox 352 673 565 718; x_wconf 87' lang='lat' dir='ltr'><strong>trucidati</strong></span> <span class='ocrx_word' id='word_1_50' title='bbox 579 671 597 696; x_wconf 85' lang='lat'><strong>¹¹</strong></span> <span class='ocrx_word' id='word_1_51' title='bbox 627 672 868 728; x_wconf 81' lang='lat' dir='ltr'><strong>quaesitum</strong></span> <span class='ocrx_word' id='word_1_52' title='bbox 897 683 1078 726; x_wconf 82' lang='lat' dir='ltr'><strong>corpuS,</strong></span> <span class='ocrx_word' id='word_1_53' title='bbox 1100 674 1317 726; x_wconf 89' lang='lat' dir='ltr'><strong>quantum</strong></span> <span class='ocrx_word' id='word_1_54' title='bbox 1338 670 1385 712; x_wconf 87' lang='lat' dir='ltr'><strong>in</strong></span> <span class='ocrx_word' id='word_1_55' title='bbox 1405 671 1509 726; x_wconf 89' lang='lat' dir='ltr'><strong>ipso</strong></span> <span class='ocrx_word' id='word_1_56' title='bbox 1531 671 1628 722; x_wconf 84' lang='lat' dir='ltr'><strong>fuit,</strong></span> 
     </span>
     <span class='ocr_line' id='line_1_8' title="bbox 144 739 1631 799; baseline -0.003 -11"><span class='ocrx_word' id='word_1_57' title='bbox 144 745 422 788; x_wconf 87' lang='lat' dir='ltr'><strong>inhumatum</strong></span> <span class='ocrx_word' id='word_1_58' title='bbox 448 743 601 799; x_wconf 83' lang='lat' dir='ltr'><strong>jacere</strong></span> <span class='ocrx_word' id='word_1_59' title='bbox 635 754 802 797; x_wconf 87' lang='lat' dir='ltr'><strong>passus</strong></span> <span class='ocrx_word' id='word_1_60' title='bbox 841 754 931 783; x_wconf 90' lang='lat' dir='ltr'><strong>non</strong></span> <span class='ocrx_word' id='word_1_61' title='bbox 962 743 1064 781; x_wconf 82' lang='lat' dir='ltr'><strong>est.‡</strong></span> <span class='ocrx_word' id='word_1_62' title='bbox 1126 739 1355 782; x_wconf 81' lang='lat' dir='ltr'><strong>Hannibal</strong></span> <span class='ocrx_word' id='word_1_63' title='bbox 1379 740 1455 783; x_wconf 78' lang='lat' dir='ltr'><strong>Ti.</strong></span> <span class='ocrx_word' id='word_1_64' title='bbox 1486 739 1631 784; x_wconf 88' lang='lat' dir='ltr'><strong>Grac-</strong></span> 
     </span>
     <span class='ocr_line' id='line_1_9' title="bbox 147 809 1631 867; baseline -0.004 -10"><span class='ocrx_word' id='word_1_65' title='bbox 147 814 293 865; x_wconf 89' lang='lat' dir='ltr'><strong>chum,</strong></span> <span class='ocrx_word' id='word_1_66' title='bbox 315 814 604 856; x_wconf 84' lang='lat' dir='ltr'><strong>Lucanorum</strong></span> <span class='ocrx_word' id='word_1_67' title='bbox 634 812 985 867; x_wconf 86' lang='lat' dir='ltr'><strong>circumventum</strong></span> <span class='ocrx_word' id='word_1_68' title='bbox 1011 809 1204 860; x_wconf 86' lang='lat' dir='ltr'><strong>insidiis,</strong></span> <span class='ocrx_word' id='word_1_69' title='bbox 1226 822 1327 852; x_wconf 89' lang='lat' dir='ltr'><strong>cum</strong></span> <span class='ocrx_word' id='word_1_70' title='bbox 1356 823 1532 852; x_wconf 88' lang='lat' dir='ltr'><strong>summo</strong></span> <span class='ocrx_word' id='word_1_71' title='bbox 1553 809 1631 852; x_wconf 91' lang='lat' dir='ltr'><strong>ho-</strong></span> 
     </span>
     <span class='ocr_line' id='line_1_10' title="bbox 147 878 1633 937; baseline -0.003 -12"><span class='ocrx_word' id='word_1_72' title='bbox 147 881 279 925; x_wconf 84' lang='lat' dir='ltr'><strong>norei</strong></span> <span class='ocrx_word' id='word_1_73' title='bbox 311 882 557 937; x_wconf 77' lang='lat' dir='ltr'><strong>sepulturae</strong></span> <span class='ocrx_word' id='word_1_74' title='bbox 580 880 827 931; x_wconf 82' lang='lat' dir='ltr'><strong>mandavit,</strong></span> <span class='ocrx_word' id='word_1_75' title='bbox 849 884 895 922; x_wconf 86' lang='lat' dir='ltr'><strong>et</strong></span> <span class='ocrx_word' id='word_1_76' title='bbox 915 892 1020 922; x_wconf 87' lang='lat' dir='ltr'><strong>ossa</strong></span> <span class='ocrx_word' id='word_1_77' title='bbox 1047 879 1144 934; x_wconf 91' lang='lat' dir='ltr'><strong>ejus</strong></span> <span class='ocrx_word' id='word_1_78' title='bbox 1169 878 1214 920; x_wconf 90' lang='lat' dir='ltr'><strong>in</strong></span> <span class='ocrx_word' id='word_1_79' title='bbox 1234 878 1426 934; x_wconf 86' lang='lat' dir='ltr'><strong>patriam</strong></span> <span class='ocrx_word' id='word_1_80' title='bbox 1447 882 1633 935; x_wconf 90' lang='lat' dir='ltr'><strong>portan-</strong></span> 
     </span>
     <span class='ocr_line' id='line_1_11' title="bbox 149 947 1635 994; baseline -0.003 0"><span class='ocrx_word' id='word_1_81' title='bbox 149 952 210 994; x_wconf 88' lang='lat' dir='ltr'><strong>da</strong></span> <span class='ocrx_word' id='word_1_82' title='bbox 241 951 456 994; x_wconf 83' lang='lat' dir='ltr'><strong>militibus</strong></span> <span class='ocrx_word' id='word_1_83' title='bbox 485 951 649 993; x_wconf 89' lang='lat' dir='ltr'><strong>nostris</strong></span> <span class='ocrx_word' id='word_1_84' title='bbox 676 949 870 993; x_wconf 80' lang='lat' dir='ltr'><strong>tradidit.</strong></span> <span class='ocrx_word' id='word_1_85' title='bbox 932 947 1163 990; x_wconf 86' lang='lat' dir='ltr'><strong>Hannibal</strong></span> <span class='ocrx_word' id='word_1_86' title='bbox 1197 947 1263 989; x_wconf 89' lang='lat' dir='ltr'><strong>M.</strong></span> <span class='ocrx_word' id='word_1_87' title='bbox 1287 947 1558 990; x_wconf 89' lang='lat' dir='ltr'><strong>Marcellum</strong></span> <span class='ocrx_word' id='word_1_88' title='bbox 1587 949 1635 990; x_wconf 90' lang='lat' dir='ltr'><strong>in</strong></span> 
     </span>
     <span class='ocr_line' id='line_1_12' title="bbox 151 1016 1636 1079; baseline -0.002 -16"><span class='ocrx_word' id='word_1_89' title='bbox 151 1033 258 1075; x_wconf 87' lang='lat' dir='ltr'><strong>agro</strong></span> <span class='ocrx_word' id='word_1_90' title='bbox 280 1020 452 1079; x_wconf 41' lang='lat' dir='ltr'><strong>firmio,</strong></span> <span class='ocrx_word' id='word_1_91' title='bbox 474 1020 580 1062; x_wconf 92' lang='lat' dir='ltr'><strong>dum</strong></span> <span class='ocrx_word' id='word_1_92' title='bbox 599 1022 791 1062; x_wconf 90' lang='lat' dir='ltr'><strong>conatus</strong></span> <span class='ocrx_word' id='word_1_93' title='bbox 818 1017 1066 1059; x_wconf 87' lang='lat' dir='ltr'><strong>Poenorum</strong></span> <span class='ocrx_word' id='word_1_94' title='bbox 1095 1016 1309 1070; x_wconf 87' lang='lat' dir='ltr'><strong>cupidius</strong></span> <span class='ocrx_word' id='word_1_95' title='bbox 1329 1030 1465 1072; x_wconf 93' lang='lat' dir='ltr'><strong>quam</strong></span> <span class='ocrx_word' id='word_1_96' title='bbox 1486 1018 1636 1060; x_wconf 91' lang='lat' dir='ltr'><strong>consi-</strong></span> 
     </span>
     <span class='ocr_line' id='line_1_13' title="bbox 153 1085 1636 1144; baseline -0.002 -12"><span class='ocrx_word' id='word_1_97' title='bbox 153 1089 350 1132; x_wconf 87' lang='lat' dir='ltr'><strong>deratius</strong></span> <span class='ocrx_word' id='word_1_98' title='bbox 391 1089 662 1144; x_wconf 86' lang='lat' dir='ltr'><strong>speculatur,</strong></span> <span class='ocrx_word' id='word_1_99' title='bbox 700 1089 997 1137; x_wconf 86' lang='lat' dir='ltr'><strong>interemtum,</strong></span> <span class='ocrx_word' id='word_1_100' title='bbox 1037 1085 1234 1141; x_wconf 83' lang='lat' dir='ltr'><strong>legitimo</strong></span> <span class='ocrx_word' id='word_1_101' title='bbox 1270 1085 1374 1141; x_wconf 88' lang='lat' dir='ltr'><strong>jure</strong></span> <span class='ocrx_word' id='word_1_102' title='bbox 1386 1086 1421 1119; x_wconf 80' lang='lat'><strong>⁸⁹</strong></span> <span class='ocrx_word' id='word_1_103' title='bbox 1458 1087 1636 1139; x_wconf 84' lang='lat' dir='ltr'><strong>extulit,</strong></span> 
     </span>
     <span class='ocr_line' id='line_1_14' title="bbox 154 1154 1637 1215; baseline -0.001 -14"><span class='ocrx_word' id='word_1_104' title='bbox 154 1158 418 1215; x_wconf 88' lang='lat' dir='ltr'><strong>Punicoque</strong></span> <span class='ocrx_word' id='word_1_105' title='bbox 430 1164 468 1192; x_wconf 87' lang='grc' dir='ltr'><strong>9ο</strong></span> <span class='ocrx_word' id='word_1_106' title='bbox 499 1158 673 1214; x_wconf 85' lang='lat' dir='ltr'><strong>sagulo,</strong></span> <span class='ocrx_word' id='word_1_107' title='bbox 696 1160 743 1200; x_wconf 87' lang='lat' dir='ltr'><strong>et</strong></span> <span class='ocrx_word' id='word_1_108' title='bbox 773 1154 961 1200; x_wconf 80' lang='lat' dir='ltr'><strong>coronaj</strong></span> <span class='ocrx_word' id='word_1_109' title='bbox 994 1155 1206 1198; x_wconf 86' lang='lat' dir='ltr'><strong>donatum</strong></span> <span class='ocrx_word' id='word_1_110' title='bbox 1239 1155 1396 1198; x_wconf 87' lang='lat' dir='ltr'><strong>laurea</strong></span> <span class='ocrx_word' id='word_1_111' title='bbox 1426 1169 1531 1212; x_wconf 86' lang='lat' dir='ltr'><strong>rogo</strong></span> <span class='ocrx_word' id='word_1_112' title='bbox 1554 1156 1637 1199; x_wconf 90' lang='lat' dir='ltr'><strong>im·</strong></span> 
     </span>
    </p>
   </div>
   <div class='ocr_carea' id='block_1_3' title="bbox 191 1294 800 1338">
    <p class='ocr_par' dir='ltr' id='par_1_4' title="bbox 191 1294 800 1338">
     <span class='ocr_line' id='line_1_15' title="bbox 191 1294 800 1338; baseline 0 -11"><span class='ocrx_word' id='word_1_113' title='bbox 191 1294 208 1323; x_wconf 68' lang='lat'><em>1</em></span> <span class='ocrx_word' id='word_1_114' title='bbox 226 1294 298 1327; x_wconf 73' lang='lat' dir='ltr'><strong>Hoc</strong></span> <span class='ocrx_word' id='word_1_115' title='bbox 308 1299 402 1338; x_wconf 74' lang='lat' dir='ltr'><strong>caput</strong></span> <span class='ocrx_word' id='word_1_116' title='bbox 416 1296 455 1328; x_wconf 78' lang='lat' dir='ltr'><strong>de</strong></span> <span class='ocrx_word' id='word_1_117' title='bbox 466 1295 664 1329; x_wconf 76' lang='lat' dir='ltr'><strong>humanitate</strong></span> <span class='ocrx_word' id='word_1_118' title='bbox 668 1294 800 1338; x_wconf 77' lang='lat' dir='ltr'><strong>finiam.</strong></span> 
     </span>
    </p>
   </div>
   <div class='ocr_carea' id='block_1_4' title="bbox 775 1380 1020 1395">
    <p class='ocr_par' dir='ltr' id='par_1_5' title="bbox 775 1380 1020 1395">
     <span class='ocr_line' id='line_1_16' title="bbox 775 1380 1020 1395; baseline -0.004 0"><span class='ocrx_word' id='word_1_119' title='bbox 775 1380 997 1395; x_wconf 60' lang='grc' dir='ltr'><strong>ΜΜΝ</strong></span> <span class='ocrx_word' id='word_1_120' title='bbox 1000 1381 1020 1394; x_wconf 75' lang='lat'><em>0</em></span> 
     </span>
    </p>
   </div>
   <div class='ocr_carea' id='block_1_5' title="bbox 156 1446 1641 1491">
    <p class='ocr_par' dir='ltr' id='par_1_6' title="bbox 156 1446 1641 1491">
     <span class='ocr_line' id='line_1_17' title="bbox 156 1446 1641 1491; baseline 0.001 -12"><span class='ocrx_word' id='word_1_121' title='bbox 156 1447 232 1485; x_wconf 76' lang='lat' dir='ltr'><strong>usi;</strong></span> <span class='ocrx_word' id='word_1_122' title='bbox 255 1447 347 1490; x_wconf 86' lang='lat' dir='ltr'><strong>qnod</strong></span> <span class='ocrx_word' id='word_1_123' title='bbox 365 1449 464 1482; x_wconf 88' lang='lat' dir='ltr'><strong>Leid.</strong></span> <span class='ocrx_word' id='word_1_124' title='bbox 479 1452 511 1481; x_wconf 97' lang='grc'><strong>7.</strong></span> <span class='ocrx_word' id='word_1_125' title='bbox 533 1449 725 1491; x_wconf 85' lang='lat' dir='ltr'><strong>ascriptum</strong></span> <span class='ocrx_word' id='word_1_126' title='bbox 739 1447 847 1480; x_wconf 83' lang='lat' dir='ltr'><strong>babet</strong></span> <span class='ocrx_word' id='word_1_127' title='bbox 865 1446 1132 1479; x_wconf 71' lang='lat' dir='ltr'><strong>recentimanu.</strong></span> <span class='ocrx_word' id='word_1_128' title='bbox 1159 1446 1288 1488; x_wconf 83' lang='lat' dir='ltr'><strong>Ultraj.</strong></span> <span class='ocrx_word' id='word_1_129' title='bbox 1305 1449 1339 1479; x_wconf 82' lang='lat'><strong>2.</strong></span> <span class='ocrx_word' id='word_1_130' title='bbox 1361 1450 1398 1479; x_wconf 87' lang='lat' dir='ltr'><strong>et</strong></span> <span class='ocrx_word' id='word_1_131' title='bbox 1420 1446 1516 1489; x_wconf 87' lang='lat' dir='ltr'><strong>Mog</strong></span> <span class='ocrx_word' id='word_1_132' title='bbox 1543 1450 1641 1480; x_wconf 76' lang='lat' dir='ltr'><strong>mate-</strong></span> 
     </span>
    </p>
   </div>
   <div class='ocr_carea' id='block_1_6' title="bbox 156 1490 1648 1840">
    <p class='ocr_par' dir='ltr' id='par_1_7' title="bbox 156 1490 1648 1840">
     <span class='ocr_line' id='line_1_18' title="bbox 156 1490 1645 1535; baseline 0.001 -12"><span class='ocrx_word' id='word_1_133' title='bbox 156 1491 337 1524; x_wconf 65' lang='lat' dir='ltr'><strong>rtem—88</strong></span> <span class='ocrx_word' id='word_1_134' title='bbox 360 1492 445 1526; x_wconf 87' lang='lat' dir='ltr'><strong>Vet.</strong></span> <span class='ocrx_word' id='word_1_135' title='bbox 466 1493 598 1534; x_wconf 78' lang='lat' dir='ltr'><strong>imperio</strong></span> <span class='ocrx_word' id='word_1_136' title='bbox 627 1502 690 1535; x_wconf 83' lang='lat' dir='ltr'><strong>pro</strong></span> <span class='ocrx_word' id='word_1_137' title='bbox 713 1491 846 1524; x_wconf 79' lang='lat' dir='ltr'><strong>nomini.</strong></span> <span class='ocrx_word' id='word_1_138' title='bbox 850 1493 936 1523; x_wconf 85' lang='lat'><strong>-89</strong></span> <span class='ocrx_word' id='word_1_139' title='bbox 958 1491 1166 1532; x_wconf 88' lang='lat' dir='ltr'><strong>Suspicatur</strong></span> <span class='ocrx_word' id='word_1_140' title='bbox 1182 1490 1326 1532; x_wconf 83' lang='lat' dir='ltr'><strong>Pighius</strong></span> <span class='ocrx_word' id='word_1_141' title='bbox 1342 1490 1528 1532; x_wconf 85' lang='lat' dir='ltr'><strong>legendum</strong></span> <span class='ocrx_word' id='word_1_142' title='bbox 1553 1500 1645 1531; x_wconf 86' lang='lat' dir='ltr'><strong>esse,</strong></span> 
     </span>
     <span class='ocr_line' id='line_1_19' title="bbox 157 1534 1643 1575; baseline 0.001 -10"><span class='ocrx_word' id='word_1_143' title='bbox 157 1535 302 1574; x_wconf 70' lang='lat' dir='ltr'><strong>leg-inmo</strong></span> <span class='ocrx_word' id='word_1_144' title='bbox 322 1535 458 1575; x_wconf 78' lang='lat' dir='ltr'><strong>funere:</strong></span> <span class='ocrx_word' id='word_1_145' title='bbox 491 1537 594 1569; x_wconf 85' lang='lat' dir='ltr'><strong>codd.</strong></span> <span class='ocrx_word' id='word_1_146' title='bbox 624 1541 828 1568; x_wconf 84' lang='lat' dir='ltr'><strong>constanter</strong></span> <span class='ocrx_word' id='word_1_147' title='bbox 858 1534 1013 1567; x_wconf 83' lang='lat' dir='ltr'><strong>retinent</strong></span> <span class='ocrx_word' id='word_1_148' title='bbox 1034 1534 1122 1574; x_wconf 73' lang='lat' dir='ltr'><strong>Jure.</strong></span> <span class='ocrx_word' id='word_1_149' title='bbox 1125 1537 1212 1566; x_wconf 86' lang='lat'><strong>—90</strong></span> <span class='ocrx_word' id='word_1_150' title='bbox 1237 1534 1422 1567; x_wconf 86' lang='lat' dir='ltr'><strong>Nonnullae</strong></span> <span class='ocrx_word' id='word_1_151' title='bbox 1449 1534 1530 1566; x_wconf 89' lang='lat' dir='ltr'><strong>edd.</strong></span> <span class='ocrx_word' id='word_1_152' title='bbox 1560 1539 1643 1567; x_wconf 84' lang='lat' dir='ltr'><strong>aute</strong></span> 
     </span>
     <span class='ocr_line' id='line_1_20' title="bbox 159 1577 1646 1622; baseline 0.001 -13"><span class='ocrx_word' id='word_1_153' title='bbox 159 1577 476 1620; x_wconf 83' lang='lat' dir='ltr'><strong>Pighium‚Punico</strong></span> <span class='ocrx_word' id='word_1_154' title='bbox 489 1590 629 1622; x_wconf 80' lang='lat' dir='ltr'><strong>quoque3</strong></span> <span class='ocrx_word' id='word_1_155' title='bbox 652 1579 714 1612; x_wconf 81' lang='lat' dir='ltr'><strong>sed</strong></span> <span class='ocrx_word' id='word_1_156' title='bbox 730 1579 834 1612; x_wconf 88' lang='lat' dir='ltr'><strong>codd.</strong></span> <span class='ocrx_word' id='word_1_157' title='bbox 848 1579 990 1620; x_wconf 75' lang='lat' dir='ltr'><strong>Punicoq</strong></span> <span class='ocrx_word' id='word_1_158' title='bbox 992 1588 1053 1615; x_wconf 82' lang='lat' dir='ltr'><strong>ue,-</strong></span> <span class='ocrx_word' id='word_1_159' title='bbox 1080 1577 1213 1610; x_wconf 87' lang='lat' dir='ltr'><strong>Medic.</strong></span> <span class='ocrx_word' id='word_1_160' title='bbox 1229 1580 1262 1610; x_wconf 87' lang='grc'><strong>2.</strong></span> <span class='ocrx_word' id='word_1_161' title='bbox 1280 1582 1318 1610; x_wconf 91' lang='lat' dir='ltr'><strong>et</strong></span> <span class='ocrx_word' id='word_1_162' title='bbox 1334 1578 1432 1620; x_wconf 87' lang='lat' dir='ltr'><strong>Mog.</strong></span> <span class='ocrx_word' id='word_1_163' title='bbox 1447 1578 1646 1621; x_wconf 77' lang='lat' dir='ltr'><strong>punitoque,-</strong></span> 
     </span>
     <span class='ocr_line' id='line_1_21' title="bbox 160 1621 1644 1664; baseline 0.001 -12"><span class='ocrx_word' id='word_1_164' title='bbox 160 1621 258 1663; x_wconf 86' lang='lat' dir='ltr'><strong>cujus</strong></span> <span class='ocrx_word' id='word_1_165' title='bbox 274 1623 474 1663; x_wconf 82' lang='lat' dir='ltr'><strong>scriptionis</strong></span> <span class='ocrx_word' id='word_1_166' title='bbox 491 1624 627 1656; x_wconf 84' lang='lat' dir='ltr'><strong>occasio</strong></span> <span class='ocrx_word' id='word_1_167' title='bbox 651 1623 727 1655; x_wconf 85' lang='lat' dir='ltr'><strong>haee</strong></span> <span class='ocrx_word' id='word_1_168' title='bbox 751 1622 831 1662; x_wconf 88' lang='lat' dir='ltr'><strong>fuit,</strong></span> <span class='ocrx_word' id='word_1_169' title='bbox 854 1622 946 1664; x_wconf 87' lang='lat' dir='ltr'><strong>quod</strong></span> <span class='ocrx_word' id='word_1_170' title='bbox 974 1632 990 1653; x_wconf 87' lang='lat' dir='ltr'><strong>c</strong></span> <span class='ocrx_word' id='word_1_171' title='bbox 1011 1626 1047 1653; x_wconf 88' lang='lat' dir='ltr'><strong>et</strong></span> <span class='ocrx_word' id='word_1_172' title='bbox 1068 1626 1082 1654; x_wconf 84' lang='lat' dir='ltr'><strong>t</strong></span> <span class='ocrx_word' id='word_1_173' title='bbox 1109 1622 1220 1653; x_wconf 81' lang='lat' dir='ltr'><strong>literae</strong></span> <span class='ocrx_word' id='word_1_174' title='bbox 1249 1626 1330 1654; x_wconf 82' lang='lat' dir='ltr'><strong>sunt</strong></span> <span class='ocrx_word' id='word_1_175' title='bbox 1357 1622 1511 1663; x_wconf 88' lang='lat' dir='ltr'><strong>ejusdem</strong></span> <span class='ocrx_word' id='word_1_176' title='bbox 1542 1631 1644 1664; x_wconf 82' lang='lat' dir='ltr'><strong>paene</strong></span> 
     </span>
     <span class='ocr_line' id='line_1_22' title="bbox 159 1661 1647 1708; baseline 0.001 -12"><span class='ocrx_word' id='word_1_177' title='bbox 159 1664 294 1706; x_wconf 71' lang='lat' dir='ltr'><strong>figura’.</strong></span> <span class='ocrx_word' id='word_1_178' title='bbox 339 1667 426 1698; x_wconf 76' lang='lat' dir='ltr'><strong>Mox</strong></span> <span class='ocrx_word' id='word_1_179' title='bbox 443 1667 573 1708; x_wconf 88' lang='lat' dir='ltr'><strong>Ultraj.</strong></span> <span class='ocrx_word' id='word_1_180' title='bbox 589 1670 620 1699; x_wconf 95' lang='grc'><strong>1.</strong></span> <span class='ocrx_word' id='word_1_181' title='bbox 634 1667 767 1699; x_wconf 84' lang='lat' dir='ltr'><strong>omittit</strong></span> <span class='ocrx_word' id='word_1_182' title='bbox 781 1667 915 1702; x_wconf 74' lang='lat' dir='ltr'><strong>lamen,-</strong></span> <span class='ocrx_word' id='word_1_183' title='bbox 939 1665 1063 1697; x_wconf 85' lang='lat' dir='ltr'><strong>Leidd.</strong></span> <span class='ocrx_word' id='word_1_184' title='bbox 1080 1669 1110 1698; x_wconf 91' lang='grc'><strong>1.</strong></span> <span class='ocrx_word' id='word_1_185' title='bbox 1126 1668 1158 1697; x_wconf 88' lang='grc'><strong>2.</strong></span> <span class='ocrx_word' id='word_1_186' title='bbox 1172 1661 1525 1706; x_wconf 81' lang='lat' dir='ltr'><strong>omittunttantuml,</strong></span> <span class='ocrx_word' id='word_1_187' title='bbox 1549 1666 1647 1698; x_wconf 85' lang='lat' dir='ltr'><strong>exhi-</strong></span> 
     </span>
     <span class='ocr_line' id='line_1_23' title="bbox 162 1708 1648 1759; baseline 0.002 -20"><span class='ocrx_word' id='word_1_188' title='bbox 162 1708 286 1741; x_wconf 82' lang='lat' dir='ltr'><strong>bentes</strong></span> <span class='ocrx_word' id='word_1_189' title='bbox 301 1719 425 1746; x_wconf 69' lang='lat' dir='ltr'><strong>aurea:</strong></span> <span class='ocrx_word' id='word_1_190' title='bbox 445 1710 504 1742; x_wconf 92' lang='lat' dir='ltr'><strong>‘et</strong></span> <span class='ocrx_word' id='word_1_191' title='bbox 520 1711 569 1742; x_wconf 91' lang='lat' dir='ltr'><strong>sic</strong></span> <span class='ocrx_word' id='word_1_192' title='bbox 587 1710 799 1743; x_wconf 83' lang='lat' dir='ltr'><strong>Freinshem.</strong></span> <span class='ocrx_word' id='word_1_193' title='bbox 828 1709 871 1741; x_wconf 86' lang='lat' dir='ltr'><strong>ad</strong></span> <span class='ocrx_word' id='word_1_194' title='bbox 897 1709 995 1741; x_wconf 89' lang='lat' dir='ltr'><strong>Curt.</strong></span> <span class='ocrx_word' id='word_1_195' title='bbox 1011 1719 1043 1740; x_wconf 92' lang='lat' dir='ltr'><strong>v.</strong></span> <span class='ocrx_word' id='word_1_196' title='bbox 1058 1711 1109 1740; x_wconf 80' lang='lat'><strong>13.</strong></span> <span class='ocrx_word' id='word_1_197' title='bbox 1126 1711 1182 1742; x_wconf 81' lang='grc'><strong>31</strong></span> <span class='ocrx_word' id='word_1_198' title='bbox 1196 1709 1391 1759; x_wconf 86' lang='lat' dir='ltr'><strong>legendnm</strong></span> <span class='ocrx_word' id='word_1_199' title='bbox 1416 1708 1584 1752; x_wconf 89' lang='lat' dir='ltr'><strong>conjecit,</strong></span> <span class='ocrx_word' id='word_1_200' title='bbox 1609 1714 1648 1742; x_wconf 88' lang='lat' dir='ltr'><strong>et</strong></span> 
     </span>
     <span class='ocr_line' id='line_1_24' title="bbox 161 1751 1647 1796; baseline 0.001 -13"><span class='ocrx_word' id='word_1_201' title='bbox 161 1752 327 1785; x_wconf 75' lang='lat' dir='ltr'><strong>Sclnottus</strong></span> <span class='ocrx_word' id='word_1_202' title='bbox 343 1754 385 1786; x_wconf 87' lang='lat' dir='ltr'><strong>ad</strong></span> <span class='ocrx_word' id='word_1_203' title='bbox 405 1755 545 1795; x_wconf 79' lang='lat' dir='ltr'><strong>Fragm.</strong></span> <span class='ocrx_word' id='word_1_204' title='bbox 565 1753 731 1796; x_wconf 87' lang='lat' dir='ltr'><strong>Nepotis,</strong></span> <span class='ocrx_word' id='word_1_205' title='bbox 752 1753 895 1786; x_wconf 79' lang='lat' dir='ltr'><strong>frustra.</strong></span> <span class='ocrx_word' id='word_1_206' title='bbox 941 1753 1120 1784; x_wconf 84' lang='lat' dir='ltr'><strong>Plutarch.</strong></span> <span class='ocrx_word' id='word_1_207' title='bbox 1149 1751 1223 1793; x_wconf 82' lang='lat' dir='ltr'><strong>agit</strong></span> <span class='ocrx_word' id='word_1_208' title='bbox 1251 1753 1295 1784; x_wconf 90' lang='lat' dir='ltr'><strong>de</strong></span> <span class='ocrx_word' id='word_1_209' title='bbox 1322 1762 1460 1793; x_wconf 86' lang='lat' dir='ltr'><strong>corona,</strong></span> <span class='ocrx_word' id='word_1_210' title='bbox 1490 1753 1647 1795; x_wconf 77' lang='lat' dir='ltr'><strong>reliquiis</strong></span> 
     </span>
     <span class='ocr_line' id='line_1_25' title="bbox 163 1795 1648 1840; baseline 0.001 -12"><span class='ocrx_word' id='word_1_211' title='bbox 163 1796 240 1838; x_wconf 82' lang='lat' dir='ltr'><strong>ejus</strong></span> <span class='ocrx_word' id='word_1_212' title='bbox 255 1796 431 1839; x_wconf 86' lang='lat' dir='ltr'><strong>imposita,</strong></span> <span class='ocrx_word' id='word_1_213' title='bbox 455 1797 586 1830; x_wconf 73' lang='lat' dir='ltr'><strong>Noster</strong></span> <span class='ocrx_word' id='word_1_214' title='bbox 596 1807 680 1831; x_wconf 86' lang='lat' dir='ltr'><strong>vero</strong></span> <span class='ocrx_word' id='word_1_215' title='bbox 705 1798 749 1830; x_wconf 90' lang='lat' dir='ltr'><strong>de</strong></span> <span class='ocrx_word' id='word_1_216' title='bbox 771 1805 900 1830; x_wconf 85' lang='lat' dir='ltr'><strong>corona</strong></span> <span class='ocrx_word' id='word_1_217' title='bbox 927 1796 1060 1836; x_wconf 85' lang='lat' dir='ltr'><strong>laurea,</strong></span> <span class='ocrx_word' id='word_1_218' title='bbox 1077 1795 1342 1839; x_wconf 86' lang='lat' dir='ltr'><strong>quaredimitus</strong></span> <span class='ocrx_word' id='word_1_219' title='bbox 1356 1796 1546 1830; x_wconf 83' lang='lat' dir='ltr'><strong>Marcellus</strong></span> <span class='ocrx_word' id='word_1_220' title='bbox 1562 1806 1648 1840; x_wconf 86' lang='lat' dir='ltr'><strong>rogo</strong></span> 
     </span>
    </p>
   </div>
   <div class='ocr_carea' id='block_1_7' title="bbox 836 1894 978 1928">
    <p class='ocr_par' dir='ltr' id='par_1_8' title="bbox 836 1894 978 1928">
     <span class='ocr_line' id='line_1_26' title="bbox 836 1894 978 1928; baseline -0.014 0"><span class='ocrx_word' id='word_1_221' title='bbox 836 1894 978 1928; x_wconf 80' lang='lat' dir='ltr'>NOTAE</span> 
     </span>
    </p>
   </div>
   <div class='ocr_carea' id='block_1_8' title="bbox 162 1972 883 2210">
    <p class='ocr_par' dir='ltr' id='par_1_9' title="bbox 162 1972 883 2210">
     <span class='ocr_line' id='line_1_27' title="bbox 211 1972 883 2016; baseline 0 -11"><span class='ocrx_word' id='word_1_222' title='bbox 211 1976 228 2001; x_wconf 67' lang='grc' dir='ltr'><strong><em>Β</em></strong></span> <span class='ocrx_word' id='word_1_223' title='bbox 251 1972 454 2006; x_wconf 57' lang='lat' dir='ltr'><strong>Truculento</strong></span> <span class='ocrx_word' id='word_1_224' title='bbox 462 1973 638 2016; x_wconf 67' lang='lat' dir='ltr'><strong>seem-ihm]</strong></span> <span class='ocrx_word' id='word_1_225' title='bbox 654 1972 748 2008; x_wconf 83' lang='lat' dir='ltr'><strong>Quia</strong></span> <span class='ocrx_word' id='word_1_226' title='bbox 761 1974 883 2015; x_wconf 83' lang='lat' dir='ltr'><strong>Capua</strong></span> 
     </span>
     <span class='ocr_line' id='line_1_28' title="bbox 165 2024 881 2068; baseline 0 -12"><span class='ocrx_word' id='word_1_227' title='bbox 165 2034 188 2056; x_wconf 84' lang='lat' dir='ltr'><strong>a</strong></span> <span class='ocrx_word' id='word_1_228' title='bbox 203 2024 327 2057; x_wconf 81' lang='lat' dir='ltr'><strong>Fulvio</strong></span> <span class='ocrx_word' id='word_1_229' title='bbox 342 2025 470 2057; x_wconf 90' lang='lat' dir='ltr'><strong>Flacco</strong></span> <span class='ocrx_word' id='word_1_230' title='bbox 486 2030 607 2068; x_wconf 84' lang='lat' dir='ltr'><strong>capta,</strong></span> <span class='ocrx_word' id='word_1_231' title='bbox 624 2026 881 2068; x_wconf 82' lang='lat' dir='ltr'><strong>Campanorum</strong></span> 
     </span>
     <span class='ocr_line' id='line_1_29' title="bbox 162 2075 881 2119; baseline 0.001 -12"><span class='ocrx_word' id='word_1_232' title='bbox 162 2075 371 2108; x_wconf 72' lang='lat' dir='ltr'><strong>‘nobilissimi</strong></span> <span class='ocrx_word' id='word_1_233' title='bbox 393 2076 534 2118; x_wconf 85' lang='lat' dir='ltr'><strong>quique,</strong></span> <span class='ocrx_word' id='word_1_234' title='bbox 557 2075 649 2119; x_wconf 90' lang='lat' dir='ltr'><strong>quod</strong></span> <span class='ocrx_word' id='word_1_235' title='bbox 675 2076 720 2108; x_wconf 85' lang='lat' dir='ltr'><strong>ad</strong></span> <span class='ocrx_word' id='word_1_236' title='bbox 747 2075 881 2108; x_wconf 86' lang='lat' dir='ltr'><strong>Hanni·</strong></span> 
     </span>
     <span class='ocr_line' id='line_1_30' title="bbox 168 2125 882 2170; baseline 0.001 -12"><span class='ocrx_word' id='word_1_237' title='bbox 168 2125 284 2158; x_wconf 83' lang='lat' dir='ltr'><strong>halem</strong></span> <span class='ocrx_word' id='word_1_238' title='bbox 314 2125 540 2169; x_wconf 84' lang='lat' dir='ltr'><strong>defecissent,</strong></span> <span class='ocrx_word' id='word_1_239' title='bbox 575 2127 692 2160; x_wconf 87' lang='lat' dir='ltr'><strong>securi</strong></span> <span class='ocrx_word' id='word_1_240' title='bbox 726 2126 882 2170; x_wconf 85' lang='lat' dir='ltr'><strong>percussi</strong></span> 
     </span>
     <span class='ocr_line' id='line_1_31' title="bbox 169 2181 262 2210; baseline 0 0"><span class='ocrx_word' id='word_1_241' title='bbox 169 2181 262 2210; x_wconf 77' lang='lat' dir='ltr'><strong>sunt.</strong></span> 
     </span>
    </p>
   </div>
   <div class='ocr_carea' id='block_1_9' title="bbox 168 2229 894 2891">
    <p class='ocr_par' dir='ltr' id='par_1_10' title="bbox 168 2229 884 2315">
     <span class='ocr_line' id='line_1_32' title="bbox 214 2229 884 2267; baseline 0.003 -5"><span class='ocrx_word' id='word_1_242' title='bbox 214 2236 229 2267; x_wconf 55' lang='grc' dir='ltr'><strong>ἑ</strong></span> <span class='ocrx_word' id='word_1_243' title='bbox 246 2229 315 2262; x_wconf 83' lang='grc' dir='ltr'><strong>Αιι.</strong></span> <span class='ocrx_word' id='word_1_244' title='bbox 329 2231 380 2264; x_wconf 88' lang='grc' dir='ltr'><strong>Μ.</strong></span> <span class='ocrx_word' id='word_1_245' title='bbox 397 2233 496 2264; x_wconf 77' lang='grc'><strong>3733.</strong></span> <span class='ocrx_word' id='word_1_246' title='bbox 518 2231 576 2264; x_wconf 80' lang='lat' dir='ltr'><strong>Ol·</strong></span> <span class='ocrx_word' id='word_1_247' title='bbox 592 2234 669 2265; x_wconf 79' lang='grc'><strong>114.</strong></span> <span class='ocrx_word' id='word_1_248' title='bbox 681 2234 716 2265; x_wconf 86' lang='grc'><strong>4.</strong></span> <span class='ocrx_word' id='word_1_249' title='bbox 739 2232 826 2265; x_wconf 81' lang='lat' dir='ltr'><strong>Urb.</strong></span> <span class='ocrx_word' id='word_1_250' title='bbox 844 2231 884 2264; x_wconf 88' lang='lat' dir='ltr'><strong>C.</strong></span> 
     </span>
     <span class='ocr_line' id='line_1_33' title="bbox 168 2281 534 2315; baseline 0.003 -2"><span class='ocrx_word' id='word_1_251' title='bbox 168 2283 246 2314; x_wconf 73' lang='lat'><strong>4³2.</strong></span> <span class='ocrx_word' id='word_1_252' title='bbox 272 2281 356 2314; x_wconf 78' lang='lat' dir='ltr'><strong>Ant.</strong></span> <span class='ocrx_word' id='word_1_253' title='bbox 375 2282 438 2315; x_wconf 83' lang='lat' dir='ltr'><strong>Ch.</strong></span> <span class='ocrx_word' id='word_1_254' title='bbox 455 2285 534 2314; x_wconf 78' lang='lat'><strong>32⁰.</strong></span> 
     </span>
    </p>

    <p class='ocr_par' dir='ltr' id='par_1_11' title="bbox 169 2331 894 2891">
     <span class='ocr_line' id='line_1_34' title="bbox 214 2331 886 2376; baseline 0.003 -11"><span class='ocrx_word' id='word_1_255' title='bbox 214 2331 231 2354; x_wconf 79' lang='lat'><strong>¹¹</strong></span> <span class='ocrx_word' id='word_1_256' title='bbox 252 2333 350 2375; x_wconf 75' lang='lat' dir='ltr'><strong>Apud</strong></span> <span class='ocrx_word' id='word_1_257' title='bbox 387 2333 516 2366; x_wconf 77' lang='lat' dir='ltr'><strong>Cannas</strong></span> <span class='ocrx_word' id='word_1_258' title='bbox 545 2334 715 2376; x_wconf 72' lang='lat' dir='ltr'><strong>trucidats]</strong></span> <span class='ocrx_word' id='word_1_259' title='bbox 755 2334 886 2367; x_wconf 84' lang='lat' dir='ltr'><strong>Paulus</strong></span> 
     </span>
     <span class='ocr_line' id='line_1_35' title="bbox 169 2383 887 2429; baseline 0.004 -13"><span class='ocrx_word' id='word_1_260' title='bbox 169 2383 256 2416; x_wconf 78' lang='lat' dir='ltr'><strong>licet</strong></span> <span class='ocrx_word' id='word_1_261' title='bbox 271 2384 383 2426; x_wconf 85' lang='lat' dir='ltr'><strong>primo</strong></span> <span class='ocrx_word' id='word_1_262' title='bbox 401 2385 518 2418; x_wconf 86' lang='lat' dir='ltr'><strong>statim</strong></span> <span class='ocrx_word' id='word_1_263' title='bbox 546 2386 665 2429; x_wconf 82' lang='lat' dir='ltr'><strong>praelio</strong></span> <span class='ocrx_word' id='word_1_264' title='bbox 688 2386 796 2418; x_wconf 81' lang='lat' dir='ltr'><strong>funda</strong></span> <span class='ocrx_word' id='word_1_265' title='bbox 812 2395 887 2429; x_wconf 78' lang='lat' dir='ltr'><strong>gra·</strong></span> 
     </span>
     <span class='ocr_line' id='line_1_36' title="bbox 174 2435 884 2481; baseline 0.006 -14"><span class='ocrx_word' id='word_1_266' title='bbox 174 2436 263 2468; x_wconf 80' lang='lat' dir='ltr'><strong>viter</strong></span> <span class='ocrx_word' id='word_1_267' title='bbox 279 2436 370 2469; x_wconf 89' lang='lat' dir='ltr'><strong>ictus</strong></span> <span class='ocrx_word' id='word_1_268' title='bbox 387 2435 535 2479; x_wconf 81' lang='lat' dir='ltr'><strong>fuisset3</strong></span> <span class='ocrx_word' id='word_1_269' title='bbox 563 2443 681 2470; x_wconf 87' lang='lat' dir='ltr'><strong>tamen</strong></span> <span class='ocrx_word' id='word_1_270' title='bbox 705 2448 801 2481; x_wconf 84' lang='lat' dir='ltr'><strong>saepe</strong></span> <span class='ocrx_word' id='word_1_271' title='bbox 827 2448 884 2471; x_wconf 89' lang='lat' dir='ltr'><strong>oc-</strong></span> 
     </span>
     <span class='ocr_line' id='line_1_37' title="bbox 173 2486 887 2532; baseline 0.006 -14"><span class='ocrx_word' id='word_1_272' title='bbox 173 2486 283 2519; x_wconf 86' lang='lat' dir='ltr'><strong>currit</strong></span> <span class='ocrx_word' id='word_1_273' title='bbox 308 2487 480 2530; x_wconf 86' lang='lat' dir='ltr'><strong>hostibus,</strong></span> <span class='ocrx_word' id='word_1_274' title='bbox 503 2494 540 2521; x_wconf 84' lang='lat' dir='ltr'><strong>et</strong></span> <span class='ocrx_word' id='word_1_275' title='bbox 567 2490 727 2532; x_wconf 69' lang='lat' dir='ltr'><strong>praelium</strong></span> <span class='ocrx_word' id='word_1_276' title='bbox 754 2490 887 2532; x_wconf 84' lang='lat' dir='ltr'><strong>aliquot</strong></span> 
     </span>
     <span class='ocr_line' id='line_1_38' title="bbox 173 2539 889 2583; baseline 0.003 -12"><span class='ocrx_word' id='word_1_277' title='bbox 173 2539 209 2571; x_wconf 88' lang='lat' dir='ltr'><strong>in</strong></span> <span class='ocrx_word' id='word_1_278' title='bbox 246 2539 331 2571; x_wconf 88' lang='lat' dir='ltr'><strong>locis</strong></span> <span class='ocrx_word' id='word_1_279' title='bbox 371 2540 549 2572; x_wconf 81' lang='lat' dir='ltr'><strong>restituit:</strong></span> <span class='ocrx_word' id='word_1_280' title='bbox 596 2550 746 2583; x_wconf 85' lang='lat' dir='ltr'><strong>cumque</strong></span> <span class='ocrx_word' id='word_1_281' title='bbox 791 2544 889 2574; x_wconf 84' lang='lat' dir='ltr'><strong>certa</strong></span> 
     </span>
     <span class='ocr_line' id='line_1_39' title="bbox 175 2589 889 2633; baseline 0.004 -12"><span class='ocrx_word' id='word_1_282' title='bbox 175 2589 382 2622; x_wconf 81' lang='lat' dir='ltr'><strong>Hannibalis</strong></span> <span class='ocrx_word' id='word_1_283' title='bbox 398 2590 544 2623; x_wconf 88' lang='lat' dir='ltr'><strong>victoria</strong></span> <span class='ocrx_word' id='word_1_284' title='bbox 559 2590 639 2633; x_wconf 82' lang='lat' dir='ltr'><strong>fuit,</strong></span> <span class='ocrx_word' id='word_1_285' title='bbox 652 2591 741 2624; x_wconf 87' lang='lat' dir='ltr'><strong>sedit</strong></span> <span class='ocrx_word' id='word_1_286' title='bbox 756 2591 791 2624; x_wconf 86' lang='lat' dir='ltr'><strong>in</strong></span> <span class='ocrx_word' id='word_1_287' title='bbox 805 2601 889 2624; x_wconf 83' lang='lat' dir='ltr'><strong>saxo</strong></span> 
     </span>
     <span class='ocr_line' id='line_1_40' title="bbox 176 2642 888 2684; baseline 0.004 -12"><span class='ocrx_word' id='word_1_288' title='bbox 176 2650 298 2673; x_wconf 89' lang='lat' dir='ltr'><strong>cruore</strong></span> <span class='ocrx_word' id='word_1_289' title='bbox 311 2642 487 2684; x_wconf 87' lang='lat' dir='ltr'><strong>oppletus,</strong></span> <span class='ocrx_word' id='word_1_290' title='bbox 508 2646 543 2674; x_wconf 88' lang='lat' dir='ltr'><strong>et</strong></span> <span class='ocrx_word' id='word_1_291' title='bbox 558 2652 684 2684; x_wconf 89' lang='lat' dir='ltr'><strong>equum</strong></span> <span class='ocrx_word' id='word_1_292' title='bbox 699 2642 768 2675; x_wconf 86' lang='lat' dir='ltr'><strong>sibi</strong></span> <span class='ocrx_word' id='word_1_293' title='bbox 783 2653 803 2674; x_wconf 88' lang='lat' dir='ltr'><strong>a</strong></span> <span class='ocrx_word' id='word_1_294' title='bbox 823 2643 888 2676; x_wconf 90' lang='lat' dir='ltr'><strong>Cn.</strong></span> 
     </span>
     <span class='ocr_line' id='line_1_41' title="bbox 177 2691 891 2736; baseline 0.006 -13"><span class='ocrx_word' id='word_1_295' title='bbox 177 2691 340 2725; x_wconf 89' lang='lat' dir='ltr'><strong>Cornelio</strong></span> <span class='ocrx_word' id='word_1_296' title='bbox 361 2693 517 2726; x_wconf 85' lang='lat' dir='ltr'><strong>oblatum</strong></span> <span class='ocrx_word' id='word_1_297' title='bbox 541 2694 752 2736; x_wconf 83' lang='lat' dir='ltr'><strong>repudiavit.</strong></span> <span class='ocrx_word' id='word_1_298' title='bbox 775 2694 891 2736; x_wconf 85' lang='lat' dir='ltr'><strong>‘Abi,&#39;</strong></span> 
     </span>
     <span class='ocr_line' id='line_1_42' title="bbox 178 2743 894 2788; baseline 0.004 -14"><span class='ocrx_word' id='word_1_299' title='bbox 178 2743 303 2784; x_wconf 87' lang='lat' dir='ltr'><strong>inquit,</strong></span> <span class='ocrx_word' id='word_1_300' title='bbox 338 2744 349 2762; x_wconf 87' lang='lat'>‘</span> <span class='ocrx_word' id='word_1_301' title='bbox 365 2744 486 2777; x_wconf 87' lang='lat' dir='ltr'><strong>nuntia</strong></span> <span class='ocrx_word' id='word_1_302' title='bbox 530 2745 672 2787; x_wconf 89' lang='lat' dir='ltr'><strong>publice</strong></span> <span class='ocrx_word' id='word_1_303' title='bbox 715 2745 894 2788; x_wconf 86' lang='lat' dir='ltr'><strong>Patribus,</strong></span> 
     </span>
     <span class='ocr_line' id='line_1_43' title="bbox 179 2795 893 2841; baseline 0.004 -14"><span class='ocrx_word' id='word_1_304' title='bbox 179 2795 311 2828; x_wconf 81' lang='lat' dir='ltr'><strong>Urbem</strong></span> <span class='ocrx_word' id='word_1_305' title='bbox 327 2796 495 2837; x_wconf 83' lang='lat' dir='ltr'><strong>muniant,</strong></span> <span class='ocrx_word' id='word_1_306' title='bbox 511 2807 552 2830; x_wconf 88' lang='lat' dir='ltr'><strong>ac</strong></span> <span class='ocrx_word' id='word_1_307' title='bbox 566 2798 766 2841; x_wconf 78' lang='lat' dir='ltr'><strong>priusquam</strong></span> <span class='ocrx_word' id='word_1_308' title='bbox 782 2798 893 2831; x_wconf 83' lang='lat' dir='ltr'><strong>hostis</strong></span> 
     </span>
     <span class='ocr_line' id='line_1_44' title="bbox 181 2846 892 2891; baseline 0.007 -13"><span class='ocrx_word' id='word_1_309' title='bbox 181 2847 293 2880; x_wconf 86' lang='lat' dir='ltr'><strong>victor</strong></span> <span class='ocrx_word' id='word_1_310' title='bbox 322 2846 499 2890; x_wconf 81' lang='lat' dir='ltr'><strong>adveniat,</strong></span> <span class='ocrx_word' id='word_1_311' title='bbox 530 2849 700 2891; x_wconf 69' lang='lat' dir='ltr'><strong>praesidiis</strong></span> <span class='ocrx_word' id='word_1_312' title='bbox 730 2848 892 2890; x_wconf 78' lang='lat' dir='ltr'><strong>firment3</strong></span> 
     </span>
    </p>
   </div>
   <div class='ocr_carea' id='block_1_10' title="bbox 936 1971 1662 2892">
    <p class='ocr_par' dir='ltr' id='par_1_12' title="bbox 936 1971 1654 2213">
     <span class='ocr_line' id='line_1_45' title="bbox 936 1971 1650 2014; baseline 0.001 -11"><span class='ocrx_word' id='word_1_313' title='bbox 936 1971 1172 2014; x_wconf 82' lang='lat' dir='ltr'><strong>privatimque</strong></span> <span class='ocrx_word' id='word_1_314' title='bbox 1188 1971 1295 2004; x_wconf 89' lang='lat' dir='ltr'><strong>Fabio</strong></span> <span class='ocrx_word' id='word_1_315' title='bbox 1316 1972 1356 2004; x_wconf 90' lang='lat' dir='ltr'><strong>L.</strong></span> <span class='ocrx_word' id='word_1_316' title='bbox 1373 1972 1544 2005; x_wconf 84' lang='lat' dir='ltr'><strong>AEmilium</strong></span> <span class='ocrx_word' id='word_1_317' title='bbox 1561 1981 1650 2014; x_wconf 81' lang='lat' dir='ltr'><strong>prae-</strong></span> 
     </span>
     <span class='ocr_line' id='line_1_46' title="bbox 937 2024 1653 2066; baseline -0.003 -9"><span class='ocrx_word' id='word_1_318' title='bbox 937 2028 1120 2066; x_wconf 82' lang='lat' dir='ltr'><strong>ceptorum</strong></span> <span class='ocrx_word' id='word_1_319' title='bbox 1137 2024 1214 2066; x_wconf 89' lang='lat' dir='ltr'><strong>ejus</strong></span> <span class='ocrx_word' id='word_1_320' title='bbox 1224 2034 1411 2057; x_wconf 87' lang='lat' dir='ltr'><strong>memorem</strong></span> <span class='ocrx_word' id='word_1_321' title='bbox 1427 2024 1599 2066; x_wconf 83' lang='lat' dir='ltr'><strong>extitisse,</strong></span> <span class='ocrx_word' id='word_1_322' title='bbox 1616 2026 1653 2055; x_wconf 87' lang='lat' dir='ltr'><strong>et</strong></span> 
     </span>
     <span class='ocr_line' id='line_1_47' title="bbox 940 2076 1653 2118; baseline -0.001 -9"><span class='ocrx_word' id='word_1_323' title='bbox 940 2077 1079 2118; x_wconf 83' lang='lat' dir='ltr'><strong>vixisse,</strong></span> <span class='ocrx_word' id='word_1_324' title='bbox 1095 2081 1132 2109; x_wconf 90' lang='lat' dir='ltr'><strong>et</strong></span> <span class='ocrx_word' id='word_1_325' title='bbox 1147 2077 1256 2110; x_wconf 85' lang='lat' dir='ltr'><strong>adhuc</strong></span> <span class='ocrx_word' id='word_1_326' title='bbox 1269 2076 1384 2110; x_wconf 89' lang='lat' dir='ltr'><strong>mori.&#39;</strong></span> <span class='ocrx_word' id='word_1_327' title='bbox 1407 2077 1510 2109; x_wconf 89' lang='lat' dir='ltr'><strong>Illum</strong></span> <span class='ocrx_word' id='word_1_328' title='bbox 1524 2076 1653 2109; x_wconf 85' lang='lat' dir='ltr'><strong>deinde</strong></span> 
     </span>
     <span class='ocr_line' id='line_1_48' title="bbox 936 2128 1654 2172; baseline 0 -12"><span class='ocrx_word' id='word_1_329' title='bbox 936 2129 1068 2170; x_wconf 81' lang='lat' dir='ltr'><strong>hostes,</strong></span> <span class='ocrx_word' id='word_1_330' title='bbox 1086 2128 1287 2170; x_wconf 84' lang='lat' dir='ltr'><strong>ignorantes</strong></span> <span class='ocrx_word' id='word_1_331' title='bbox 1314 2129 1390 2172; x_wconf 85' lang='lat' dir='ltr'><strong>quis</strong></span> <span class='ocrx_word' id='word_1_332' title='bbox 1413 2133 1521 2169; x_wconf 83' lang='lat' dir='ltr'><strong>esset,</strong></span> <span class='ocrx_word' id='word_1_333' title='bbox 1549 2128 1654 2161; x_wconf 88' lang='lat' dir='ltr'><strong>obru-</strong></span> 
     </span>
     <span class='ocr_line' id='line_1_49' title="bbox 938 2180 1588 2213; baseline 0 -1"><span class='ocrx_word' id='word_1_334' title='bbox 938 2184 1040 2212; x_wconf 84' lang='lat' dir='ltr'><strong>erunt</strong></span> <span class='ocrx_word' id='word_1_335' title='bbox 1058 2180 1150 2213; x_wconf 90' lang='lat' dir='ltr'><strong>telis.</strong></span> <span class='ocrx_word' id='word_1_336' title='bbox 1173 2180 1264 2213; x_wconf 84' lang='lat' dir='ltr'><strong>Haec</strong></span> <span class='ocrx_word' id='word_1_337' title='bbox 1282 2180 1402 2213; x_wconf 86' lang='lat' dir='ltr'><strong>Livius</strong></span> <span class='ocrx_word' id='word_1_338' title='bbox 1419 2180 1479 2213; x_wconf 91' lang='lat' dir='ltr'><strong>lib.</strong></span> <span class='ocrx_word' id='word_1_339' title='bbox 1492 2189 1588 2213; x_wconf 85' lang='lat' dir='ltr'><strong>xxu.</strong></span> 
     </span>
    </p>

    <p class='ocr_par' dir='ltr' id='par_1_13' title="bbox 939 2231 1655 2316">
     <span class='ocr_line' id='line_1_50' title="bbox 983 2231 1655 2270; baseline 0.003 -7"><span class='ocrx_word' id='word_1_340' title='bbox 983 2235 999 2270; x_wconf 77' lang='lat' dir='ltr'>ss</span> <span class='ocrx_word' id='word_1_341' title='bbox 1016 2231 1084 2264; x_wconf 86' lang='lat' dir='ltr'><strong>An.</strong></span> <span class='ocrx_word' id='word_1_342' title='bbox 1100 2231 1151 2264; x_wconf 91' lang='lat' dir='ltr'><strong>M.</strong></span> <span class='ocrx_word' id='word_1_343' title='bbox 1163 2235 1262 2264; x_wconf 79' lang='lat'><strong>3838.</strong></span> <span class='ocrx_word' id='word_1_344' title='bbox 1288 2233 1346 2265; x_wconf 91' lang='lat' dir='ltr'><strong>Ol.</strong></span> <span class='ocrx_word' id='word_1_345' title='bbox 1359 2235 1435 2265; x_wconf 81' lang='grc'><strong>141.</strong></span> <span class='ocrx_word' id='word_1_346' title='bbox 1451 2235 1482 2266; x_wconf 94' lang='grc'><strong>1.</strong></span> <span class='ocrx_word' id='word_1_347' title='bbox 1508 2232 1596 2265; x_wconf 84' lang='lat' dir='ltr'><strong>Urb.</strong></span> <span class='ocrx_word' id='word_1_348' title='bbox 1613 2231 1655 2265; x_wconf 88' lang='lat' dir='ltr'><strong>C.</strong></span> 
     </span>
     <span class='ocr_line' id='line_1_51' title="bbox 939 2281 1305 2316; baseline 0 -1"><span class='ocrx_word' id='word_1_349' title='bbox 939 2285 1016 2315; x_wconf 77' lang='lat'><strong>537.</strong></span> <span class='ocrx_word' id='word_1_350' title='bbox 1050 2281 1132 2315; x_wconf 86' lang='lat' dir='ltr'><strong>Ant.</strong></span> <span class='ocrx_word' id='word_1_351' title='bbox 1148 2283 1212 2315; x_wconf 86' lang='lat' dir='ltr'><strong>Ch.</strong></span> <span class='ocrx_word' id='word_1_352' title='bbox 1227 2286 1305 2316; x_wconf 83' lang='lat'><strong>215.</strong></span> 
     </span>
    </p>

    <p class='ocr_par' dir='ltr' id='par_1_14' title="bbox 942 2333 1661 2729">
     <span class='ocr_line' id='line_1_52' title="bbox 986 2333 1658 2376; baseline 0 -10"><span class='ocrx_word' id='word_1_353' title='bbox 986 2333 995 2355; x_wconf 85' lang='lat'><strong>¹</strong></span> <span class='ocrx_word' id='word_1_354' title='bbox 1019 2334 1100 2366; x_wconf 82' lang='lat' dir='ltr'><strong>Cum</strong></span> <span class='ocrx_word' id='word_1_355' title='bbox 1113 2344 1232 2366; x_wconf 75' lang='lat' dir='ltr'><strong>summo</strong></span> <span class='ocrx_word' id='word_1_356' title='bbox 1243 2334 1374 2376; x_wconf 78' lang='lat' dir='ltr'><strong>honore]</strong></span> <span class='ocrx_word' id='word_1_357' title='bbox 1398 2333 1469 2367; x_wconf 83' lang='lat' dir='ltr'><strong>Alii</strong></span> <span class='ocrx_word' id='word_1_358' title='bbox 1481 2333 1516 2366; x_wconf 90' lang='lat' dir='ltr'><strong>in</strong></span> <span class='ocrx_word' id='word_1_359' title='bbox 1532 2334 1658 2367; x_wconf 84' lang='lat' dir='ltr'><strong>castris</strong></span> 
     </span>
     <span class='ocr_line' id='line_1_53' title="bbox 942 2385 1657 2427; baseline -0.001 -9"><span class='ocrx_word' id='word_1_360' title='bbox 942 2385 1120 2426; x_wconf 83' lang='lat' dir='ltr'><strong>Romanis,</strong></span> <span class='ocrx_word' id='word_1_361' title='bbox 1153 2385 1213 2417; x_wconf 85' lang='lat' dir='ltr'><strong>alii</strong></span> <span class='ocrx_word' id='word_1_362' title='bbox 1242 2385 1278 2417; x_wconf 86' lang='lat' dir='ltr'><strong>iu</strong></span> <span class='ocrx_word' id='word_1_363' title='bbox 1307 2385 1452 2418; x_wconf 88' lang='lat' dir='ltr'><strong>Punicis</strong></span> <span class='ocrx_word' id='word_1_364' title='bbox 1482 2385 1657 2427; x_wconf 85' lang='lat' dir='ltr'><strong>sepultum</strong></span> 
     </span>
     <span class='ocr_line' id='line_1_54' title="bbox 942 2436 1659 2479; baseline -0.003 -9"><span class='ocrx_word' id='word_1_365' title='bbox 942 2437 1075 2478; x_wconf 81' lang='lat' dir='ltr'><strong>volunt,</strong></span> <span class='ocrx_word' id='word_1_366' title='bbox 1090 2438 1166 2479; x_wconf 88' lang='lat' dir='ltr'><strong>ipso</strong></span> <span class='ocrx_word' id='word_1_367' title='bbox 1181 2437 1377 2469; x_wconf 86' lang='lat' dir='ltr'><strong>Hannibale</strong></span> <span class='ocrx_word' id='word_1_368' title='bbox 1385 2437 1550 2479; x_wconf 85' lang='lat' dir='ltr'><strong>exequias</strong></span> <span class='ocrx_word' id='word_1_369' title='bbox 1567 2436 1659 2468; x_wconf 83' lang='lat' dir='ltr'><strong>cele-</strong></span> 
     </span>
     <span class='ocr_line' id='line_1_55' title="bbox 942 2487 1659 2529; baseline -0.003 -8"><span class='ocrx_word' id='word_1_370' title='bbox 942 2489 1089 2529; x_wconf 77' lang='lat' dir='ltr'><strong>brante5</strong></span> <span class='ocrx_word' id='word_1_371' title='bbox 1119 2489 1177 2521; x_wconf 82' lang='lat' dir='ltr'><strong>alii</strong></span> <span class='ocrx_word' id='word_1_372' title='bbox 1193 2490 1301 2521; x_wconf 86' lang='lat' dir='ltr'><strong>solum</strong></span> <span class='ocrx_word' id='word_1_373' title='bbox 1319 2488 1470 2520; x_wconf 85' lang='lat' dir='ltr'><strong>Gracchi</strong></span> <span class='ocrx_word' id='word_1_374' title='bbox 1482 2492 1589 2529; x_wconf 87' lang='lat' dir='ltr'><strong>caput</strong></span> <span class='ocrx_word' id='word_1_375' title='bbox 1600 2487 1659 2519; x_wconf 85' lang='lat' dir='ltr'><strong>de·</strong></span> 
     </span>
     <span class='ocr_line' id='line_1_56' title="bbox 942 2538 1659 2580; baseline -0.001 -8"><span class='ocrx_word' id='word_1_376' title='bbox 942 2541 1052 2573; x_wconf 88' lang='lat' dir='ltr'><strong>latum</strong></span> <span class='ocrx_word' id='word_1_377' title='bbox 1071 2539 1115 2572; x_wconf 85' lang='lat' dir='ltr'><strong>ad</strong></span> <span class='ocrx_word' id='word_1_378' title='bbox 1133 2540 1382 2580; x_wconf 86' lang='lat' dir='ltr'><strong>Hannibalem,</strong></span> <span class='ocrx_word' id='word_1_379' title='bbox 1403 2543 1439 2571; x_wconf 81' lang='lat' dir='ltr'><strong>et</strong></span> <span class='ocrx_word' id='word_1_380' title='bbox 1456 2539 1500 2570; x_wconf 91' lang='lat' dir='ltr'><strong>ab</strong></span> <span class='ocrx_word' id='word_1_381' title='bbox 1520 2547 1562 2570; x_wconf 89' lang='lat' dir='ltr'><strong>eo</strong></span> <span class='ocrx_word' id='word_1_382' title='bbox 1578 2538 1659 2571; x_wconf 77' lang='lat' dir='ltr'><strong>mis·</strong></span> 
     </span>
     <span class='ocr_line' id='line_1_57' title="bbox 944 2589 1659 2624; baseline -0.006 0"><span class='ocrx_word' id='word_1_383' title='bbox 944 2602 1020 2624; x_wconf 88' lang='lat' dir='ltr'><strong>sum</strong></span> <span class='ocrx_word' id='word_1_384' title='bbox 1047 2591 1091 2623; x_wconf 88' lang='lat' dir='ltr'><strong>ad</strong></span> <span class='ocrx_word' id='word_1_385' title='bbox 1117 2591 1180 2624; x_wconf 88' lang='lat' dir='ltr'><strong>Cn.</strong></span> <span class='ocrx_word' id='word_1_386' title='bbox 1200 2590 1398 2623; x_wconf 83' lang='lat' dir='ltr'><strong>Cornelium</strong></span> <span class='ocrx_word' id='word_1_387' title='bbox 1425 2589 1659 2622; x_wconf 85' lang='lat' dir='ltr'><strong>Quaestorem.</strong></span> 
     </span>
     <span class='ocr_line' id='line_1_58' title="bbox 945 2640 1661 2681; baseline -0.007 -3"><span class='ocrx_word' id='word_1_388' title='bbox 945 2643 1129 2678; x_wconf 83' lang='lat' dir='ltr'><strong>Quomodo</strong></span> <span class='ocrx_word' id='word_1_389' title='bbox 1146 2643 1281 2675; x_wconf 85' lang='lat' dir='ltr'><strong>occisus</strong></span> <span class='ocrx_word' id='word_1_390' title='bbox 1304 2641 1352 2674; x_wconf 79' lang='lat' dir='ltr'><strong>sit</strong></span> <span class='ocrx_word' id='word_1_391' title='bbox 1374 2640 1569 2681; x_wconf 80' lang='lat' dir='ltr'><strong>Gracchus,</strong></span> <span class='ocrx_word' id='word_1_392' title='bbox 1585 2640 1661 2674; x_wconf 87' lang='lat' dir='ltr'><strong>dix-</strong></span> 
     </span>
     <span class='ocr_line' id='line_1_59' title="bbox 946 2695 1354 2729; baseline -0.01 0"><span class='ocrx_word' id='word_1_393' title='bbox 946 2696 1034 2729; x_wconf 86' lang='lat' dir='ltr'><strong>imus</strong></span> <span class='ocrx_word' id='word_1_394' title='bbox 1051 2695 1110 2727; x_wconf 89' lang='lat' dir='ltr'><strong>lib.</strong></span> <span class='ocrx_word' id='word_1_395' title='bbox 1124 2703 1149 2727; x_wconf 84' lang='grc' dir='ltr'><strong>ῐ.</strong></span> <span class='ocrx_word' id='word_1_396' title='bbox 1173 2704 1204 2726; x_wconf 90' lang='lat' dir='ltr'><strong>c.</strong></span> <span class='ocrx_word' id='word_1_397' title='bbox 1217 2697 1250 2726; x_wconf 82' lang='lat'><strong>6.</strong></span> <span class='ocrx_word' id='word_1_398' title='bbox 1275 2702 1309 2725; x_wconf 89' lang='lat' dir='ltr'><strong>n.</strong></span> <span class='ocrx_word' id='word_1_399' title='bbox 1321 2695 1354 2725; x_wconf 88' lang='grc'><strong>8.</strong></span> 
     </span>
    </p>

    <p class='ocr_par' dir='ltr' id='par_1_15' title="bbox 949 2743 1662 2892">
     <span class='ocr_line' id='line_1_60' title="bbox 989 2743 1660 2787; baseline 0.003 -12"><span class='ocrx_word' id='word_1_400' title='bbox 989 2745 1001 2775; x_wconf 77' lang='lat' dir='ltr'><strong>l</strong></span> <span class='ocrx_word' id='word_1_401' title='bbox 1023 2747 1151 2787; x_wconf 76' lang='lat' dir='ltr'><strong>Sag-ulo,</strong></span> <span class='ocrx_word' id='word_1_402' title='bbox 1165 2748 1196 2778; x_wconf 74' lang='lat' dir='ltr'><strong>et</strong></span> <span class='ocrx_word' id='word_1_403' title='bbox 1211 2743 1342 2785; x_wconf 79' lang='lat' dir='ltr'><strong>corona]</strong></span> <span class='ocrx_word' id='word_1_404' title='bbox 1354 2743 1423 2777; x_wconf 89' lang='lat' dir='ltr'><strong>Ubi</strong></span> <span class='ocrx_word' id='word_1_405' title='bbox 1440 2743 1475 2776; x_wconf 92' lang='lat' dir='ltr'><strong>in</strong></span> <span class='ocrx_word' id='word_1_406' title='bbox 1492 2744 1660 2777; x_wconf 87' lang='lat' dir='ltr'><strong>tumulum</strong></span> 
     </span>
     <span class='ocr_line' id='line_1_61' title="bbox 949 2796 1662 2839; baseline -0.003 -9"><span class='ocrx_word' id='word_1_407' title='bbox 949 2798 1060 2838; x_wconf 83' lang='lat' dir='ltr'><strong>venit,</strong></span> <span class='ocrx_word' id='word_1_408' title='bbox 1083 2806 1209 2839; x_wconf 87' lang='lat' dir='ltr'><strong>corpus</strong></span> <span class='ocrx_word' id='word_1_409' title='bbox 1234 2796 1374 2829; x_wconf 80' lang='lat' dir='ltr'><strong>intuens</strong></span> <span class='ocrx_word' id='word_1_410' title='bbox 1403 2796 1532 2829; x_wconf 87' lang='lat' dir='ltr'><strong>nnllam</strong></span> <span class='ocrx_word' id='word_1_411' title='bbox 1563 2797 1662 2829; x_wconf 87' lang='lat' dir='ltr'><strong>vultu</strong></span> 
     </span>
     <span class='ocr_line' id='line_1_62' title="bbox 949 2847 1662 2892; baseline 0 -11"><span class='ocrx_word' id='word_1_412' title='bbox 949 2848 1108 2882; x_wconf 80' lang='lat' dir='ltr'><strong>laetitiam</strong></span> <span class='ocrx_word' id='word_1_413' title='bbox 1125 2857 1198 2891; x_wconf 82' lang='lat' dir='ltr'><strong>prae</strong></span> <span class='ocrx_word' id='word_1_414' title='bbox 1216 2857 1253 2880; x_wconf 84' lang='lat' dir='ltr'><strong>se</strong></span> <span class='ocrx_word' id='word_1_415' title='bbox 1267 2847 1361 2890; x_wconf 80' lang='lat' dir='ltr'><strong>tulit,</strong></span> <span class='ocrx_word' id='word_1_416' title='bbox 1374 2848 1573 2892; x_wconf 82' lang='lat' dir='ltr'><strong>nullumque</strong></span> <span class='ocrx_word' id='word_1_417' title='bbox 1585 2857 1662 2881; x_wconf 83' lang='lat' dir='ltr'><strong>ver·</strong></span> 
     </span>
    </p>
   </div>
  </div>
 </body>
</html>
