1878 3132
1564 173 1652 224 533

1393 290 1548 347 Atque
1575 292 1652 334 ho—

607 193 716 225 GAP.
741 191 815 223 111.
852 190 917 221 DE
951 190 1210 223 INGRATIS.

168 294 269 338 dem
295 296 396 337 sunt
427 292 665 335 notissima
699 293 885 347 ingratae
917 291 1077 347 patriae
1105 291 1331 347 exempla.

168 377 266 406 rum
286 361 467 419 quidem
490 374 701 404 secessus
724 360 974 403 voluntarii.

229 430 428 475 Ahala²⁶
459 444 580 483 vero,
615 444 718 474 cum
747 431 960 485 magister
992 431 1192 486 equitum
1225 429 1307 484 Sp.
1332 429 1520 472 Melium
1553 444 1652 486 reg·

168 515 277 545 num
295 499 609 545 adfectantem*¹
641 501 899 552 occidisset,
920 500 1156 544 custoditae
1177 499 1404 542 libertatis
1418 504 1454 532 ²⁷
1485 501 1652 543 civium

167 571 311 615 exilio
333 569 441 615 suo¹
468 584 636 628 poenas
656 570 910 627 pependit?

223 640 269 684 3.
302 639 513 684 Ceterum
532 644 580 684 ut
601 645 787 684 senatus
818 639 1066 697 populique
1097 652 1221 683 mens
1247 640 1294 682 in
1323 638 1507 682 modum
1528 639 1654 681 subi·

169 714 231 752 tae
262 711 549 766 tempestatis
580 711 826 761 concitata,
847 710 939 753 leni
952 709 987 734 ²⁸
1018 709 1204 765 querela
1229 708 1548 765 prosequenda
1569 713 1653 761 est,

167 779 261 822 itas
287 779 560 834 singulorum
597 780 770 834 ingrata
800 780 928 822 facta
965 779 1172 821 liberiore
1204 777 1510 832 indignatione
1548 791 1653 835 pro-

169 848 417 891 scindenda
442 852 572 891 sunt:
605 849 715 904 quia
742 852 954 903 potentes
977 847 1173 898 consilii,
1196 860 1298 890 cum
1327 850 1563 903 utrumque
1583 861 1654 891 ra-

167 917 287 960 tione
322 917 597 974 perpendere
621 918 788 969 liceret,
808 918 960 960 scelus
990 917 1148 972 pietati
1175 916 1483 973 praetulerunt.
1545 915 1653 969 Quo

166 987 286 1029 enim
300 986 504 1039 nimbo,²⁹
525 1000 616 1042 qua
627 987 832 1042 procella
847 988 1100 1038 verborum,
1115 987 1305 1042 impium
1319 986 1500 1031 Sextilii
1513 992 1655 1043 caput

165 1055 296 1097 obrui
316 1060 513 1098 meretur
527 1056 548 1097 ‘Q
571 1056 706 1115 *quod
728 1055 780 1099 C.
801 1053 1109 1107 Gaesarem,³0³
1143 1069 1171 1098 a
1191 1069 1283 1111 quo
1303 1067 1406 1097 cum
1427 1055 1650 1107 studiose,

166 1127 260 1167 tum
289 1125 427 1168 etiam
456 1124 646 1168 feliciter
677 1125 928 1180 gravissimi
960 1124 1162 1168 criminis
1194 1137 1298 1167 reus
1318 1123 1529 1166 defensus
1553 1124 1651 1168 fue—

204 1268 227 1298 l
240 1271 387 1305 Ceterum
409 1272 492 1305 sicut
506 1283 567 1305 non
580 1272 676 1314 gravi
690 1274 817 1315 querela
843 1272 988 1305 invehere
1014 1272 1159 1305 debemus
1171 1271 1206 1304 in
1221 1271 1374 1303 Senatum
1388 1273 1421 1303 et
1439 1272 1601 1313 populum,
1622 1272 1651 1304 ei

163 1316 292 1402 arguze:-
301 1323 408 1349 eorum
437 1327 535 1358 mene,
559 1319 595 1350 in
619 1319 743 1350 modum
769 1317 966 1359 tempestatis
986 1317 1090 1349 subito
1113 1321 1207 1358 ortae,
1234 1317 1275 1348 ud
1299 1316 1381 1348 iram
1406 1316 1564 1348 concitata
1587 1316 1652 1356 sit,-

215 1382 226 1400 ‚
293 1382 302 1392 .

967 1436 1031 1448 “O

167 1510 224 1543 lta
239 1511 405 1554 Pighins;
420 1513 522 1547 codd.
532 1515 676 1548 Torren.
692 1513 768 1547 fere
783 1514 912 1547 habent
926 1514 1025 1556 Hala,
1042 1515 1097 1547 vel
1111 1514 1231 1547 Hella.-
1254 1514 1353 1546 multi
1364 1513 1555 1555 magistrum
1566 1514 1653 1556 equi-

164 1557 232 1586 tum
243 1563 255 1585 .·
272 1556 444 1590 Perizonii
459 1557 538 1590 cod.
550 1558 706 1600 Spurium
717 1569 868 1599 magnum
882 1559 1116 1591 Melitam—27
1137 1558 1301 1591 Nonnulli
1316 1558 1419 1591 codd.
1430 1559 1573 1591 Torren.
1583 1568 1653 1590 cus·

165 1599 262 1630 todiae
276 1599 517 1642 libertatisque;
538 1602 667 1633 Medic.
678 1605 711 1634 2.
726 1602 1134 1635 cuetodi‹11ibertatis.—28
1150 1602 1286 1634 Novem
1299 1602 1402 1634 codd.
1413 1602 1557 1634 Torren.
1571 1612 1651 1635 cum

167 1641 250 1674 Vct.
271 1643 417 1685 aliisque
434 1650 514 1677 ante
527 1645 703 1686 Pighium,
716 1646 788 1678 levi.
833 1647 924 1677 'rum
941 1646 1038 1678 Leid.
1052 1648 1086 1678 4.
1106 1646 1327 1687 proscribenda
1342 1648 1488 1678 estc—29
1506 1646 1650 1686 Pighius

166 1694 230 1726 pro
245 1686 350 1718 nimbo
363 1687 512 1720 dederat
524 1698 566 1720 ex
585 1688 708 1722 Atreb.
725 1689 839 1727 iambo,
853 1689 945 1732 qnod
963 1699 1031 1721 non
1048 1689 1247 1730 improbant
1263 1689 1356 1731 Guy.
1373 1690 1488 1722 Coler.
1501 1695 1538 1721 et
1556 1689 1651 1732 Lips.

166 1728 227 1760 sed
241 1739 363 1762 omnes
377 1731 436 1763 alii
451 1731 554 1764 codd.
571 1742 649 1765 cum
661 1733 742 1765 edd.
763 1738 849 1766 vett.
861 1739 1003 1765 servant
1019 1733 1137 1766 nimbo.
1183 1731 1240 1766 Cf.
1255 1733 1346 1765 Stat.
1363 1732 1513 1774 Epiced.
1531 1735 1653 1766 103.—

165 1773 209 1803 30
234 1772 290 1806 Ita
304 1774 406 1808 codd.
422 1776 602 1820 plerique3
627 1777 686 1809 alii
702 1787 780 1809 cum
802 1776 884 1810 edd.
911 1783 995 1810 ante
1018 1777 1193 1819 Pighium,
1208 1777 1249 1810 L.
1267 1778 1438 1810 Coeaeurem.
1483 1777 1568 1810 Mox
1586 1786 1650 1820 pro

833 1875 977 1909 No'rAE

209 1948 225 1970 ⁵
251 1949 397 1991 Regnum
422 1951 643 1995 affectantem]
679 1953 766 1986 Cum
787 1951 880 1985 fame

164 2000 343 2035 laboraret
369 2003 506 2046 civitas,
534 2005 595 2047 Sp.
609 2005 736 2037 Melius
763 2014 806 2036 ex
837 2006 879 2037 E-

163 2053 296 2094 questri
326 2053 475 2096 Ordine,
497 2059 537 2087 ut
562 2055 629 2087 inis
657 2055 882 2096 temporibus,

166 2104 340 2145 praedives
363 2105 540 2139 frumento
572 2107 709 2149 privata
733 2108 880 2148 pecunia

165 2161 272 2196 emto,
310 2157 516 2199 largitiones
546 2157 664 2191 facere
702 2158 877 2191 instituit:

165 2217 312 2251 cumque
327 2214 363 2242 et
377 2210 509 2243 ambire
538 2221 695 2252 regnum,
709 2216 744 2242 et
762 2211 797 2242 in
819 2210 880 2243 do·

164 2269 256 2292 mum
271 2270 367 2294 arma
394 2261 555 2295 conferre
581 2262 771 2303 diceretur,
795 2262 880 2294 Dic-

164 2315 259 2344 tator
286 2311 416 2345 dicitnr
444 2313 484 2346 L.
500 2313 664 2348 Quintius
693 2313 877 2346 Cincinna-

166 2368 235 2401 ωε,
263 2363 434 2404 Magister
459 2364 626 2407 Equitum
655 2364 694 2397 C.
709 2364 877 2396 Servilius

164 2411 275 2445 Ahala
289 2424 299 2453 ;
316 2415 375 2456 qui
387 2415 450 2457 Sp.
463 2416 623 2456 Melium,
638 2415 719 2447 dum
734 2415 777 2447 ad
794 2415 878 2448 Dic-

165 2467 313 2496 tatorem
337 2466 456 2498 venire
479 2467 598 2508 jussus
624 2466 744 2508 populi
771 2465 876 2499 fidem

162 2514 338 2556 implorat,
353 2517 596 2550 obtruncavit:
623 2523 696 2550 tum
712 2517 877 2551 Dictator

162 2571 289 2599 vocata
314 2569 480 2601 concione
508 2570 710 2611 pronuntiat
732 2570 877 2602 Menum

157 2617 241 2658 jure
262 2627 406 2660 caesum3
436 2620 596 2663 illiusque
621 2627 659 2653 et
679 2621 796 2653 diruta
817 2621 878 2654 do·

164 2678 251 2706 mua,
283 2673 319 2702 et
342 2670 435 2703 bona
461 2671 649 2714 publicata.
708 2671 799 2705 Haec
823 2673 877 2706 Li-

163 2719 237 2751 vius
253 2720 312 2753 lib.
324 2731 376 2754 ιν.

207 2772 217 2794 ¹
238 2773 347 2806 Exitio
361 2774 431 2816 suo]
454 2775 645 2809 Duodecim
672 2777 770 2810 annis
795 2781 876 2820 post

935 1953 1063 1986 Consul
1087 1952 1155 1986 fuit
1174 1953 1300 1994 Ahala,
1326 1951 1558 1994 depositoque
1572 1952 1649 1984 Ma·

935 2005 1086 2047 gistratu
1103 2007 1137 2038 in
1150 2005 1290 2037 exilium
1303 2004 1424 2046 pulsus
1438 2008 1505 2037 est.
1532 2003 1651 2036 Resti-

908 2067 916 2076 ¹
936 2062 1049 2090 tutum
1067 2057 1174 2089 tradit
1189 2056 1327 2090 Cicero.

978 2107 998 2127 *
1013 2107 1082 2141 An.
1100 2108 1152 2141 M.
1169 2110 1267 2140 3630.
1291 2106 1350 2139 01.
1366 2109 1422 2139 89.
1446 2108 1477 2140 1.
1504 2106 1592 2140 Urb.
1608 2107 1652 2140 C.

935 2162 1011 2192 329.
1034 2159 1119 2192 Ant.
1136 2160 1199 2192 Ch.
1215 2161 1294 2192 423.

965 2209 978 2240 J
992 2212 1030 2244 C.
1047 2211 1221 2252 Goeearem]
1236 2211 1325 2242 Tum
1338 2209 1514 2242 florebant
1529 2208 1565 2241 in
1583 2210 1651 2242 Re-

933 2263 1073 2305 publica
1091 2263 1131 2295 L.
1155 2268 1191 2296 et
1217 2264 1257 2296 C.
1274 2263 1430 2294 Caesares
1455 2261 1556 2293 ambo
1580 2261 1650 2293 fra-

935 2319 1019 2356 tres,
1038 2319 1073 2347 et
1092 2314 1156 2346 viri
1180 2313 1382 2346 clarissimi:
1407 2313 1465 2344 ille
1482 2312 1650 2344 Consula-

933 2367 978 2398 ris
1004 2371 1040 2398 et
1057 2366 1256 2405 Censorius,
1266 2365 1321 2396 liic
1334 2363 1520 2404 AEdilitimi,
1536 2363 1650 2395 Poeta

933 2423 969 2451 et
986 2418 1117 2451 Orator
1129 2418 1296 2456 eximius;
1322 2426 1422 2458 quem
1439 2416 1474 2447 in
1490 2415 1586 2446 libris
1602 2414 1648 2447 de

934 2469 1088 2502 Oratore
1118 2469 1319 2512 loquentem
1344 2466 1479 2499 inducit
1510 2465 1647 2497 Cicero.

933 2520 1047 2563 Hujus
1086 2525 1124 2553 et
1160 2519 1282 2553 fratris
1327 2522 1433 2560 caput
1462 2517 1497 2547 in
1525 2517 1648 2549 rostris

931 2572 1067 2605 Marius
1090 2572 1219 2614 exponi
1238 2570 1370 2614 jussit:
1395 2568 1514 2602 scribit
1530 2572 1647 2601 tamen

933 2624 1058 2656 Florus
1074 2622 1167 2655 domi
1185 2632 1255 2654 suae
1280 2620 1389 2654 fuisse
1412 2619 1645 2662 trucidatum;

934 2678 972 2707 at
999 2674 1124 2707 Cicero
1160 2679 1197 2706 et
1223 2672 1376 2715 Appian.
1393 2670 1535 2704 Valerio
1561 2681 1645 2704 con·

935 2727 1102 2758 sentiunt.
1148 2725 1202 2756 De
1218 2724 1374 2757 Cinniana
1389 2722 1645 2766 proscriptione

933 2788 1026 2821 saepe
1042 2782 1157 2811 antea.
