1878 3132
437 181 544 214 GAP.
568 181 654 213 vu.
689 181 752 213 οε
785 181 970 231 S'runro
1005 183 1064 213 ET
1097 183 1396 216 1NDUSTR1A.
1553 172 1639 216 771

218 280 261 323 ¹7.
291 278 573 322 Archimedis
588 277 605 302 *¹
622 292 804 335 quoque
825 279 1104 322 fructuosam
1123 280 1391 324 industriam
1408 280 1551 323 fuisse
1568 281 1636 323 di-

162 362 324 400 cerem,
361 348 450 406 uisi
482 348 643 391 eadem
682 348 751 390 illi
787 351 830 391 et
864 347 1064 392 dedisset
1101 349 1251 400 vitam,
1288 343 1334 392 et
1369 349 1637 392 abstulisset.

161 416 320 472 Captis
359 418 477 460 enim
511 417 767 472 Syracusis,
802 417 1052 460 Marcellus
1097 418 1500 461 machinationibus
1534 418 1636 473 ejus

158 486 345 529 multum
367 499 421 528 ac
443 486 522 531 diu
543 486 778 529 victoriam
795 499 922 529 suam
943 486 1181 530 inhibitam
1200 491 1415 530 senserat.
1463 486 1643 528 Eximia

158 557 304 598 tamen
321 554 515 597 hominis
535 555 778 610 prudentia
810 555 1076 608 delectatus,
1111 561 1164 599 ut
1184 555 1324 612 capiti
1344 556 1466 599 illius
1488 569 1642 611 parce·

158 626 288 676 retur,
309 623 477 678 edixit;
511 638 645 679 paene
670 629 840 667 tantum
876 626 1027 680 gloriae
1061 626 1107 669 in
1138 625 1412 668 Archimede
1445 629 1643 677 servato,

159 696 374 749 quantum
385 697 422 724 45
450 694 496 736 in
519 695 754 751 oppressis
775 695 1032 751 Syracusis,
1063 708 1299 751 reponens.
1357 694 1421 738 At
1449 695 1505 747 is,
1535 694 1643 736 dum

160 762 311 806 animo
330 766 376 804 et
396 763 540 806 oculis
559 764 607 806 in
629 768 791 808 terram
803 763 842 795 4⁶
864 764 1028 807 defixis
1047 764 1218 807 formas
1239 764 1470 816 describit,
1491 763 1643 813 militi,

156 831 236 886 qui
255 831 494 886 praedandi
513 833 658 888 gratia
675 833 860 876 domum
881 833 1119 889 irruperat,
1142 833 1395 888 strictoque
1415 845 1548 888 super
1569 844 1643 874 ca-

157 904 241 956 put
259 901 424 956 gladio,
457 904 470 924 ‘
487 901 694 957 quisnam
715 900 870 955 esset,’
907 903 1230 957 interrogabat,
1251 906 1439 958 propter
1458 901 1644 944 nimiam

158 969 454 1024 cupiditatem
484 970 782 1026 investigandi
801 971 924 1028 quod
945 972 1220 1028 requirebat,
1241 984 1402 1014 nomen
1423 983 1555 1014 suum
1573 971 1638 1012 in-

159 1037 310 1081 dicare
327 1052 418 1082 non
437 1041 612 1095 potuit;
649 1041 728 1084 sed
757 1045 986 1097 protracto
1005 1042 1219 1084 manibus
1238 1041 1448 1097 pulvere,
1506 1039 1644 1091 Noli:

157 1106 318 1163 inquit,
353 1111 365 1132 ‘
379 1106 600 1161 obsecro,i
639 1110 775 1153 istum
812 1110 1066 1153 disturbare
1080 1109 1155 1153 :⁹4⁷
1194 1123 1248 1153 ac
1283 1109 1471 1166 perinde
1510 1109 1645 1165 quasi

768 1221 1014 1234 ‘ON‘WCQ

159 1284 272 1318 tiones
287 1285 353 1319 hoc
368 1285 531 1319 videatur
544 1285 711 1319 invasisse
725 1298 734 1327 ;
758 1297 835 1320 narn
854 1298 939 1330 quas
954 1297 1019 1329 ego
1034 1286 1106 1319 vidi
1122 1287 1314 1329 praediomm
1329 1286 1507 1320 exhibent.
1553 1285 1644 1319 Vide

159 1338 238 1361 eum
255 1329 290 1361 in
304 1329 376 1362 vita
390 1330 569 1371 Euripidis
586 1340 620 1372 p.
636 1340 690 1364 xr.
708 1341 743 1364 n.
760 1331 827 1364 13!
853 1332 1073 1365 Turrem—45
1098 1332 1170 1364 Pro
1197 1336 1350 1373 quantum
1371 1331 1498 1374 Copes.
1523 1330 1647 1363 scribit

159 1382 264 1414 quam.
310 1373 415 1405 Forte
446 1373 608 1406 librarius
639 1375 831 1416 scripserat
861 1379 971 1417 ᾳηᾶιᾶ.
1015 1375 1102 1407 Mox
1131 1380 1280 1417 quatuor
1308 1374 1411 1408 codd.
1438 1375 1583 1407 Torren.
1608 1374 1645 1406 S.

158 1415 259 1448 hostis
273 1426 448 1458 reponetur,-
473 1417 555 1450 Vet.
572 1417 610 1451 S.
625 1418 676 1450 his
691 1422 943 1460 reponerem—46
968 1418 1060 1451 Octo
1085 1418 1188 1451 codd.
1215 1428 1294 1451 curn
1319 1419 1414 1461 Mog.
1441 1419 1476 1451 in
1502 1421 1646 1451 terra.—

159 1462 201 1492 ⁴7
226 1458 359 1493 ‘Aldus
387 1460 565 1493 ediderat:
597 1461 694 1494 istum
719 1462 872 1494 circulum
894 1461 1086 1494 disturbare.
1131 1463 1200 1495 Sed
1233 1462 1375 1504 Pighius
1405 1462 1557 1495 circulum
1587 1471 1646 1494 ex-

159 1503 298 1545 punxit,
318 1504 409 1546 quod
425 1504 458 1536 in
475 1504 579 1537 codd.
595 1505 630 1536 id
649 1515 717 1538 uon
734 1511 894 1547 apparet.
937 1505 1046 1538 Abest
1063 1515 1201 1548 quoque
1218 1505 1262 1538 ab
1280 1516 1347 1538 uno
1364 1505 1495 1538 Brand.
1542 1505 1646 1538 Refe-

158 1547 303 1579 rendum
318 1552 434 1580 autem
457 1548 552 1580 istum
579 1548 622 1580 ad
646 1549 826 1590 pulverem
854 1549 897 1581 de
922 1559 990 1592 quo
1017 1549 1202 1590 praedixit:
1230 1550 1266 1582 in
1290 1560 1375 1592 quo,
1397 1554 1435 1582 ut
1462 1550 1582 1582 Livius
1608 1554 1645 1582 et

158 1590 367 1623 Plutarchus
383 1592 554 1634 scribunt,
575 1590 702 1625 formas
719 1593 896 1634 metricas,
920 1602 988 1625 non
1004 1593 1186 1634 speciatim
1206 1594 1366 1634 circulos,
1383 1593 1516 1626 traxit!
1538 1594 1643 1626 Vorst.

157 1634 168 1651 ⁴
185 1634 253 1666 Ms.
268 1635 374 1667 habet
387 1639 563 1675 prestructo
578 1636 612 1668 id
627 1641 682 1668 est
694 1640 868 1678 prostrato,
891 1647 955 1678 pro
971 1636 1119 1678 simplici
1133 1637 1224 1669 enim
1242 1641 1256 1670 t
1271 1638 1463 1679 saepissime
1475 1637 1646 1679 scriptum

157 1682 235 1710 erat
248 1681 291 1710 ct.
336 1679 406 1711 Sed
424 1679 598 1720 vulgatam
613 1679 778 1722 praefero,
803 1680 869 1712 nisi
888 1680 999 1718 malis,
1022 1684 1198 1713 monstrato
1214 1681 1359 1714 manibus
1369 1682 1512 1723 pulvere,
1534 1685 1572 1713 et
1595 1680 1646 1712 sic

161 1721 284 1754 melius
306 1722 527 1763 intelligitur,
550 1723 642 1765 quod
671 1724 827 1756 absolute
853 1724 1013 1766 sequitur
1029 1724 1138 1765 istum,
1160 1734 1300 1766 nempe,
1320 1726 1492 1767 pulverem.
1518 1725 1582 1757 Ex.
1609 1727 1644 1756 S.

159 1764 169 1782 ‘
184 1765 231 1797 Et
247 1766 412 1807 quantula
426 1766 563 1798 Socrati
583 1767 735 1799 accessio
751 1768 820 1800 ista
840 1766 960 1800 futura
987 1768 1145 1801 scientiae
1172 1768 1283 1801 erat?
1327 1769 1452 1801 Malim
1470 1769 1555 1801 utin
1573 1769 1643 1800 Ms.

159 1807 315 1849 Socratis,
335 1811 365 1841 et
379 1811 532 1851 quantula
547 1811 679 1843 accessio
693 1811 837 1844 scientiae
860 1811 1003 1844 Socratis
1024 1817 1093 1844 erat
1106 1812 1224 1851 sutura
1244 1812 1308 1845 ista
1333 1811 1408 1846 ars?
1436 1813 1541 1855 paulo
1566 1817 1646 1853 post

159 1851 228 1884 Ma.
255 1852 362 1885 habet
390 1854 432 1885 ad
456 1854 706 1887 addiscendum:
741 1855 900 1887 Perizon.
947 1855 958 1872 ‘
976 1856 1150 1887 Protracto
1181 1861 1325 1889 tuentur
1351 1857 1439 1889 Mss.
1467 1866 1486 1888 e
1518 1856 1643 1898 quibus

157 1900 294 1937 septem
310 1901 452 1929 servant
468 1898 563 1929 istum
578 1898 750 1931 circulum.-
776 1899 874 1931 Harl.
889 1899 976 1931 istud
990 1910 1001 1936 ‚·
1026 1904 1065 1931 ut
1083 1900 1185 1941 paulo
1202 1905 1283 1932 ante
1299 1900 1363 1933 ista
1384 1900 1552 1942 perissent,
1573 1909 1643 1932 non

157 1937 275 1972 habita
288 1940 421 1973 ratione
437 1941 586 1974 nominis
600 1942 845 1983 praecedentis.
875 1942 1049 1975 Klokkius
1063 1943 1224 1986 legebat:
1240 1945 1293 1976 sed
1303 1944 1506 1986 protractisu
1517 1944 1647 1986 pulvere

828 2041 972 2074 NOTAE

205 2118 219 2152 ζ
243 2113 310 2147 An.
328 2115 379 2148 M.
397 2117 496 2149 3587.
527 2117 587 2151 Ol.
599 2121 654 2152 78.
669 2121 702 2151 2.
727 2118 813 2151 Urb.
835 2119 877 2152 C.

159 2168 236 2199 286.
253 2165 339 2200 Ant.
354 2168 416 2201 Ch.
432 2171 509 2202 466.

204 2215 219 2238 '¹
241 2217 456 2261 Archimedis]
499 2219 592 2253 Civis
626 2220 876 2263 Syracusanus,

160 2268 220 2310 qui
244 2269 433 2311 lapidibus,
448 2271 537 2313 telis,
549 2271 733 2304 missilibus
751 2272 875 2304 Roma-

160 2324 221 2351 no's
249 2330 343 2363 saepe
374 2321 417 2354 ab
445 2322 530 2355 urbe
566 2323 720 2364 repulit;
757 2323 806 2355 ita
837 2328 875 2356 ut

160 2371 353 2404 Marcellus
383 2373 559 2406 interdum
587 2374 745 2407 diceret:
782 2375 873 2407 ‘Nae

158 2421 217 2454 ille
247 2422 423 2456 fabulosos
459 2426 674 2458 centimanus
715 2431 872 2468 superat,

159 2474 217 2515 qui
236 2479 367 2507 tantam
384 2475 453 2508 vim
468 2486 534 2509 uno
549 2482 707 2520 tempore
724 2478 871 2510 telorum

160 2524 332 2566 ingessit.'
376 2528 580 2573 'l‘antusque
615 2530 718 2563 timor
746 2530 872 2562 Roma-

160 2585 222 2608 nos
238 2577 439 2622 incesserat,
465 2586 504 2614 ut
531 2581 560 2614 si
588 2583 642 2615 vel
669 2581 872 2623 funiculum,

161 2629 215 2659 vel
239 2630 402 2671 exiguum
427 2633 554 2674 lignum
586 2645 630 2666 ex
661 2645 759 2668 muro
790 2645 874 2667 con-

162 2680 371 2722 spexissent,
386 2684 547 2716 continuo
560 2684 807 2719 Archimedem
824 2687 873 2719 iu·

163 2730 350 2764 clamantes
365 2732 585 2776 aufugerent.

205 2780 212 2802 ¹
238 2782 328 2825 ΝοΙί,
350 2784 465 2828 inquit,
488 2787 626 2830 obsecro]
650 2789 790 2832 Duplex
813 2800 874 2832 po-

931 2119 1098 2152 tissimum
1117 2119 1208 2162 apud
1227 2119 1453 2152 Plutarchum
1467 2119 1511 2153 de
1522 2119 1647 2153 Archi-

930 2171 1040 2203 medis
1071 2172 1168 2204 caede
1201 2171 1398 2212 sententia3
1428 2181 1573 2214 quarum
1597 2173 1646 2204 al-

930 2228 1006 2256 tera
1037 2225 1112 2257 vult
1136 2224 1247 2267 ipsum
1272 2234 1292 2256 a
1307 2225 1418 2257 milite
1448 2225 1540 2257 domi
1565 2235 1645 2258 con·

930 2273 1075 2316 fossum,
1105 2275 1186 2308 dum
1213 2275 1311 2309 ducit
1336 2276 1460 2318 lineas,
1480 2276 1645 2319 illumque

931 2331 1007 2359 orat
1031 2326 1170 2368 obnixe,
1199 2331 1239 2359 ut
1264 2327 1433 2360 sustineat
1457 2329 1647 2371 paulisper,

929 2388 972 2412 ne
989 2380 1081 2422 quod
1098 2380 1279 2423 quaerebat
1291 2381 1503 2423 relinqueret
1520 2380 1646 2422 imper-

928 2429 1086 2472 fectum3
1123 2432 1237 2463 altera
1266 2441 1362 2471 vero,
1386 2431 1484 2463 illum
1506 2431 1645 2473 quidem

928 2482 1043 2524 militi,
1058 2486 1098 2515 ut
1114 2482 1365 2526 quamprimum
1382 2482 1425 2514 ad
1438 2482 1646 2514 Marcellum

928 2539 1106 2575 pergeret,
1147 2533 1330 2575 imperanti
1370 2533 1547 2575 paruisse:
1584 2534 1647 2567 sed

929 2595 1006 2618 curn
1033 2585 1224 2626 horologia,
1255 2585 1419 2626 sphaeras,
1447 2585 1582 2627 aliaque
1610 2584 1646 2617 id

931 2646 1039 2679 genus
1054 2636 1119 2668 sub
1146 2639 1246 2668 veste
1262 2634 1433 2676 deferret,
1445 2645 1464 2668 a
1480 2635 1646 2668 militibus

929 2688 987 2730 qui
1015 2696 1134 2719 aurum
1150 2686 1195 2719 ab
1220 2696 1261 2719 eo
1277 2686 1447 2720 occultari
1463 2685 1648 2730 putabant,

931 2738 1140 2771 trucidatum
1166 2745 1253 2771 esse.
