1878 3132
255 168 344 212 614
658 179 865 214 νΑιΕΒιι
899 181 1094 214 ΜᾼΧιΜι
1127 182 1225 217 mn.
1261 182 1327 215 v1.

310 278 356 318 5.
387 277 536 332 AEque
558 280 696 323 tenax
715 278 933 333 propositi
956 278 1005 323 L.
1029 278 1292 323 Domitius.j
1341 279 1463 326 Nam
1482 293 1589 327 cum
1609 281 1726 328 Sici-

254 346 361 392 liam
377 351 546 400 praetor
560 352 590 377 ³¹
612 351 792 401 regeret,
813 351 858 393 et
879 347 936 393 ad
954 362 1057 393 eum
1073 349 1254 394 eximiae
1275 350 1595 403 magnitudinis
1615 363 1727 406 aper

256 414 414 461 allatus
434 419 571 466 esset,
593 416 785 462 ‘adduci
804 416 860 460 ad
888 430 938 461 se
968 420 1209 471 pastorem,
1233 418 1366 473 cujus
1388 432 1524 465 manu
1545 410 1726 465 occisus

256 482 379 534 erat}
392 483 546 537 jussit.
608 484 1033 540 Interrogatumque,
1058 488 1071 508 ‘
1088 486 1212 541 qui³2
1243 499 1342 529 eam
1358 487 1549 532 bestiam
1568 488 1723 534 confe-

255 551 423 603 cisset‚'
443 557 683 608 postquam
711 555 941 609 comperit,
962 568 1095 598 usum
1126 556 1358 606 venabulo,
1386 556 1508 598 cruci
1539 554 1723 603 suffixit.-

256 619 378 672 Quia
417 622 517 677 ipse
547 623 605 665 ad
641 623 926 668 exturbanda
942 628 973 654 ³³
1007 624 1257 675 latrocinia,
1292 625 1460 678 quibus
1491 625 1724 679 provincia

252 690 528 741 vastabatur,
552 695 564 713 ‘
582 704 637 733 ne
670 691 772 745 quis
802 691 938 736 telum
971 691 1182 743 haberet}
1211 692 1447 737 edixerat.‡
1505 693 1610 737 Hoc
1642 694 1723 739 ali-

254 757 354 811 quis
372 757 416 801 in
436 758 522 803 fine
539 763 576 789 ³4
604 760 852 804 severitatis
874 764 919 806 et
937 762 1124 806 saevitiae
1145 761 1401 817 ponendum
1414 761 1601 807 dixerit:
1627 761 1722 807 dis-

253 826 487 880 putatione
505 827 620 871 enim
643 831 828 883 utroque
850 828 971 873 flecti
1001 830 1189 884 potest!
1245 830 1453 876 Ceterum
1474 831 1589 874 ratio
1608 829 1722 884 pub-

252 893 330 939 lici
351 894 528 949 imperii
559 900 790 951 praetorem
819 898 953 943 nimis
986 911 1195 953 asperum
1225 899 1475 945 existimari
1493 912 1585 942 non
1606 898 1723 954 pati·-

253 966 337 1009 tur.

308 1032 350 1074 6.
383 1033 460 1076 Sic
481 1047 529 1078 se
547 1036 590 1079 in
612 1036 719 1081 viris
738 1036 975 1091 puniendis
994 1037 1214 1082 severitas
1244 1036 1493 1080 exercuit.³⁵
1552 1036 1642 1082 Sed
1661 1050 1720 1079 ne

252 1101 298 1143 in
319 1101 513 1145 foeminis
534 1104 712 1158 quidem
737 1105 964 1161 supplicio
996 1105 1243 1150 efficiendis
1277 1105 1524 1160 segniorem
1545 1118 1596 1149 se
1614 1099 1718 1159 egit.

253 1169 477 1216 Horatius
489 1185 603 1216 unus
622 1172 656 1203 ³⁶
681 1174 837 1229 praelio
850 1174 980 1219 trium
998 1173 1314 1226 Curiatiorum,
1330 1173 1589 1219 conditione
1605 1187 1720 1229 pug-

293 1317 307 1341 ὁ
321 1319 446 1362 Aliquis
470 1322 573 1354 dicere
590 1326 694 1364 posset
714 1324 771 1356 hoc
792 1334 853 1357 non
875 1326 972 1357 solum
992 1324 1183 1364 severitatis,
1201 1325 1256 1357 sed
1276 1324 1412 1357 saevz'eiae
1432 1323 1529 1356 etiam
1543 1323 1719 1364 εει-Μὰ»

251 1372 316 1395 esse
324 1374 337 1405 ;
356 1367 461 1405 potest
476 1365 558 1397 enim
571 1367 784 1408 disputatione
794 1367 923 1410 proban·
938 1369 979 1400 ad
993 1372 1155 1410 utramque
1167 1369 1337 1411 pertinere.

858 1465 1078 1488 muoso
1083 1465 1102 1478 e

251 1526 369 1562 Curius
383 1528 513 1561 Brand.
531 1532 561 1562 1.
582 1533 614 1562 2.
630 1530 754 1572 Ultraj.
771 1534 802 1564 1.
817 1536 854 1564 et
869 1532 982 1566 Bitur.
999 1535 1030 1565 1.
1045 1535 1166 1566 2.--31
1190 1532 1309 1573 Longe
1334 1531 1482 1564 maxima
1507 1530 1612 1564 codd.
1636 1540 1715 1574 pars

250 1575 286 1602 et
299 1580 416 1602 omnes
434 1572 514 1604 edd.
532 1578 619 1605 vett.
636 1574 686 1606 ita
702 1575 846 1615 legunt;
864 1575 968 1619 Pigh.
985 1579 1101 1609 tamen
1115 1579 1290 1619 propretor
1304 1575 1426 1614 edidit,
1441 1584 1589 1616 eumque
1604 1573 1715 1609 secani

248 1618 328 1645 sunt
344 1615 456 1647 Coler.
474 1616 576 1658 Thys.
593 1617 710 1650 Vorst.
728 1623 764 1649 et
782 1619 908 1659 Delph.
944 1620 1039 1661 *Mox
1065 1629 1194 1660 cumque
1216 1620 1258 1650 ad
1283 1629 1351 1650 eum
1375 1618 1501 1660 Ultraj.
1527 1620 1558 1650 1.
1582 1622 1618 1650 et
1635 1617 1716 1650 Vet'.

248 1658 322 1688 dum
341 1659 383 1689 ad
408 1669 476 1690 eum
492 1669 613 1692 novem
629 1661 730 1692 codd.
746 1662 978 1694 Torren.-—32
1001 1662 1058 1695 Ita
1085 1663 1240 1704 plen-ique
1257 1662 1357 1694 codd.
1373 1671 1450 1693 cum
1467 1663 1564 1703 Mog.
1579 1671 1639 1703 quo
1653 1661 1716 1695 telo

249 1700 325 1732 Sus.
342 1701 475 1734 Medic.
492 1705 522 1735 1.
538 1706 569 1735 2.
585 1709 620 1735 et
647 1704 745 1736 Leid.
772 1708 804 1737 4.
819 1715 880 1746 quo
896 1715 982 1738 nnus
998 1706 1131 1738 Brand.
1148 1706 1292 1737 Veneti.
1312 1705 1454 1738 Mediol.
1470 1708 1501 1737 3.
1516 1710 1554 1736 et
1570 1705 1719 1737 Ascens.

246 1753 306 1784 qua
323 1745 354 1775 vi
370 1745 475 1777 Barb.
493 1749 523 1778 1.
540 1747 630 1788 quod
644 1747 777 1779 Gudius
794 1747 963 1789 defendit,
977 1755 1013 1781 et
1029 1750 1171 1781 Torren.
1187 1749 1390 1790 praetulerit.
1404 1749 1551 1789 quomodo
1567 1747 1664 1780 Leid.
1680 1747 1726 1780 6:

245 1789 394 1827 quomodo
409 1789 540 1822 bestiam
555 1790 589 1821 in
614 1790 689 1822 aliis
704 1801 714 1831 ;
736 1791 898 1824 occidisset
912 1792 1033 1825 Leidd.
1051 1795 1080 1824 1.
1094 1795 1126 1824 6.
1140 1792 1319 1834 confixisset
1334 1792 1456 1832 Uitraj.
1475 1794 1505 1825 1.
1530 1791 1714 1831 Interroga»

245 1835 338 1871 toque
353 1842 411 1872 quo
426 1833 488 1866 telo
510 1833 643 1865 bestiam
658 1834 740 1867 Vet.
785 1835 914 1869 Eadem
931 1845 1011 1869 mox
1029 1845 1090 1877 pro
1105 1836 1191 1868 cruci
1212 1834 1333 1878 suffixit
1349 1835 1487 1868 exhibet
1505 1833 1716 1876 circumfitit.

248 1873 378 1906 Omnes
395 1875 481 1906 Mss.
496 1875 627 1909 habent
641 1877 815 1920 crucifixit,
829 1883 865 1911 et
880 1888 997 1911 omnes
1010 1878 1095 1912 editi
1109 1883 1189 1910 ante
1204 1878 1375 1919 Pighium.
1398 1878 1575 1952 Disiungit
1587 1884 1714 1912 utrant-

245 1926 314 1958 que
329 1927 448 1953 vocem
468 1919 593 1961 Ultraj.
609 1920 709 1961 prim.
726 1920 815 1964 quod
833 1931 897 1952 non
911 1922 1049 1955 omnino
1065 1921 1259 1964 improbare
1277 1921 1414 1953 videtur
1429 1921 1457 1953 C
1473 1944 1481 1953 .
1497 1921 1714 1954 Burmannus

246 1960 289 1992 ad
315 1961 435 1995 Quint.
453 1961 542 1995 Inst.
557 1963 616 1995 lib.
641 1972 709 1999 vu.
727 1974 757 1999 c·
775 1967 805 1999 1.
826 1974 860 2007 p.
874 1967 1036 1997 587.-33
1061 1965 1187 2006 copes.
1202 1964 1330 2006 Ultraj.
1348 1967 1378 1996 1.
1397 1967 1428 1996 2.
1444 1964 1564 1997 Leidd.
1579 1966 1612 1997 3.
1627 1966 1660 1999 4.
1677 1969 1714 1997 et

244 2003 340 2045 Mog.
364 2005 578 2053 exstirpanda,
596 2007 823 2047 probantibus
839 2008 1001 2042 Perizon.
1027 2009 1169 2041 Torren.
1195 2012 1232 2041 et
1262 2008 1466 2050 Kapp.—34
1489 2007 1594 2039 Multi
1622 2006 1711 2041 Mas.

244 2046 373 2079 habent
397 2048 431 2081 in
447 2048 551 2093 finem
579 2060 655 2084 cum
679 2050 888 2083 editionibus
905 2051 1074 2092 Pighiana
1096 2051 1360 2084 vetustioribus:
1387 2052 1512 2092 Copes.
1536 2054 1656 2084 tamen
1675 2056 1714 2083 et

244 2089 342 2127 Leid.
359 2097 519 2133 quatuor,
534 2093 663 2126 habent
678 2094 711 2125 in
715 2094 798 2136 fine.
816 2104 878 2135 pro
891 2097 1067 2136 punctulum
1080 2094 1213 2131 dixerit,
1230 2095 1433 2128 Perizonius
1449 2093 1602 2128 malebat
1613 2095 1712 2128 duxe—

242 2134 386 2168 rin—35
412 2135 517 2176 Cave,
546 2136 681 2172 credas,
706 2137 815 2180 inquit
841 2138 960 2180 Kapp.
987 2138 1134 2171 Torren.
1151 2138 1331 2179 scripsisse
1345 2138 1496 2170 exseruit.
1542 2137 1627 2170 Mox
1640 2146 1712 2177 seg·-

241 2176 360 2210 nior-em
375 2177 453 2218 egit,
479 2178 603 2211 omisso
618 2190 650 2211 se
673 2180 707 2214 in
735 2181 894 2214 undecim
918 2181 1018 2214 codd.
1037 2182 1116 2213 Vet.
1138 2187 1175 2212 et
1200 2182 1384 2222 Mog.—36
1407 2180 1462 2214 Ita
1477 2180 1620 2220 Pighius
1636 2180 1710 2213 haee

244 2219 403 2255 restituit
425 2231 467 2255 ex
493 2222 580 2258 MSS·
609 2224 689 2255 Nec
717 2223 916 2266 discrepant
943 2224 1083 2259 codices
1100 2224 1276 2256 Brandeb.
1292 2224 1357 2256 nisi
1374 2223 1465 2266 quod
1482 2233 1544 2265 pro
1559 2233 1638 2256 unus
1651 2223 1711 2257 ha-

244 2263 328 2306 bent
354 2264 458 2305 prins.
494 2265 605 2297 Aldus
621 2271 658 2297 et
674 2267 837 2300 Chalcoc.
853 2268 1038 2302 ediderant
1050 2271 1119 2309 post
1132 2267 1288 2309 proelium.
1310 2267 1403 2300 Ante
1418 2276 1521 2299 voces
1534 2266 1711 2301 conditione

239 2316 356 2348 pugnoe
373 2308 406 2339 in
424 2313 557 2349 septem
574 2309 674 2342 codd.
689 2310 864 2343 veteribus
882 2311 1087 2343 editionibus
1102 2312 1209 2344 Mart.
1226 2310 1374 2353 Herbip.
1391 2314 1428 2342 et
1442 2310 1600 2344 Chalc-oc.
1616 2308 1712 2343 addi-

243 2356 313 2382 tum
330 2354 477 2388 ceterum,
493 2362 560 2384 non
574 2351 793 2394 improbante
810 2354 949 2386 Vorstio
963 2365 972 2393 ;
998 2356 1111 2387 nullus
1126 2354 1204 2387 cod.
1215 2355 1359 2386 Torren.
1374 2353 1480 2386 habet
1491 2362 1596 2391 ianuar,⁸
1617 2351 1711 2395 quod

242 2394 373 2426 Brand.
390 2395 527 2432 habent,
543 2396 673 2428 habent
699 2397 803 2429 etiam
820 2397 1081 2439 quatuordecim
1107 2397 1208 2430 codd.
1233 2397 1415 2429 Torrenins
1430 2396 1627 2438 improbare
1641 2405 1710 2429 non

243 2437 348 2468 audet
363 2436 402 2468 τὸ
418 2448 512 2479 unus,
527 2439 618 2481 quod
635 2440 791 2473 videatur
813 2441 845 2471 in
862 2450 903 2473 eo
925 2450 1163 2482 esselacumen
1180 2440 1311 2472 Valerii
1327 2440 1476 2473 ludentis
1490 2440 1534 2479 τῷ
1549 2439 1658 2477 trium,
1673 2442 1711 2472 et

243 2479 369 2512 deinde
395 2483 532 2513 omnium
563 2483 782 2524 opponendo.
811 2484 930 2525 Kapp.
953 2483 1078 2515 dubius
1095 2484 1218 2516 haeret.
1259 2483 1425 2515 Nonnulli
1440 2482 1541 2515 codd.
1558 2482 1708 2514 Torren.

246 2523 436 2556 Curiatium.
459 2525 545 2557 Mox
561 2535 623 2557 sex
639 2526 740 2559 codd.
757 2536 835 2558 cum
852 2527 948 2569 Mog.
967 2527 1107 2559 Curiatii
1121 2536 1288 2568 sponsam;
1311 2527 1437 2568 Copes.
1462 2524 1604 2558 Curiatii
1629 2535 1648 2556 α
1674 2534 1708 2556 ue

901 2608 934 2640 N
937 2608 1045 2640 OTAE

283 2669 294 2698 ³
334 2671 376 2703 L.
408 2672 586 2714 Domitius]
610 2672 869 2711 Ahenobarbus,
889 2672 948 2715 qui
1047 2676 1061 2711 ss
1085 2672 1152 2705 An.
1169 2672 1219 2704 M.
1236 2675 1334 2705 3956.
1351 2671 1409 2705 01.
1425 2674 1499 2705 170.
1515 2674 1547 2705 3.
1561 2669 1650 2703 Urb.
1666 2671 1707 2704 C·

240 2721 367 2753 Consul
395 2732 484 2755 anno
510 2724 614 2755 Urbis
637 2727 715 2757 660.
751 2725 870 2757 Caesus
893 2730 948 2757 est
1002 2726 1077 2756 655.
1104 2723 1186 2756 Ant.
1202 2723 1266 2755 Ch.
1282 2725 1337 2756 97.

240 2778 364 2812 postea
380 2782 399 2803 a
414 2774 450 2804 L.
462 2775 689 2816 Damasippo.
