<?xml version="1.0" encoding="UTF-8"?>
<!DOCTYPE html PUBLIC "-//W3C//DTD XHTML 1.0 Transitional//EN"
    "http://www.w3.org/TR/xhtml1/DTD/xhtml1-transitional.dtd">
<html xmlns="http://www.w3.org/1999/xhtml" xml:lang="en" lang="en">
 <head>
  <title>
</title>
<meta http-equiv="Content-Type" content="text/html;charset=utf-8" />
  <meta name='ocr-system' content='tesseract 3.04.00' />
  <meta name='ocr-capabilities' content='ocr_page ocr_carea ocr_par ocr_line ocrx_word'/>
</head>
<body>
  <div class='ocr_page' id='page_1' title='image "./factorumdictorum02valeuoft_0276.png"; bbox 0 0 1878 3132; ppageno 0'>
   <div class='ocr_carea' id='block_1_1' title="bbox 591 586 1407 652">
    <p class='ocr_par' dir='ltr' id='par_1_1' title="bbox 591 586 1407 652">
     <span class='ocr_line' id='line_1_1' title="bbox 591 586 1407 652; baseline 0.009 -7"><span class='ocrx_word' id='word_1_1' title='bbox 591 586 978 647; x_wconf 86' lang='lat' dir='ltr'><strong>VALERII</strong></span> <span class='ocrx_word' id='word_1_2' title='bbox 1052 589 1407 652; x_wconf 90' lang='grc' dir='ltr'><strong>ΜΑΧΙΜΙ</strong></span> 
     </span>
    </p>
   </div>
   <div class='ocr_carea' id='block_1_2' title="bbox 269 767 1735 827">
    <p class='ocr_par' dir='ltr' id='par_1_2' title="bbox 269 767 1735 827">
     <span class='ocr_line' id='line_1_2' title="bbox 269 767 1735 827; baseline 0.007 -16"><span class='ocrx_word' id='word_1_3' title='bbox 269 767 626 813; x_wconf 87' lang='lat' dir='ltr'><strong>FACTORUM</strong></span> <span class='ocrx_word' id='word_1_4' title='bbox 678 772 1162 827; x_wconf 84' lang='lat' dir='ltr'><strong>DICTORUMQUE</strong></span> <span class='ocrx_word' id='word_1_5' title='bbox 1212 775 1735 821; x_wconf 85' lang='lat' dir='ltr'><strong>MEMORABILIUM</strong></span> 
     </span>
    </p>
   </div>
   <div class='ocr_carea' id='block_1_3' title="bbox 790 961 1213 1012">
    <p class='ocr_par' dir='ltr' id='par_1_3' title="bbox 790 961 1213 1012">
     <span class='ocr_line' id='line_1_3' title="bbox 790 961 1213 1012; baseline 0.005 -2"><span class='ocrx_word' id='word_1_6' title='bbox 790 961 1011 1012; x_wconf 87' lang='lat' dir='ltr'><strong>LIBER</strong></span> <span class='ocrx_word' id='word_1_7' title='bbox 1064 962 1213 1012; x_wconf 84' lang='lat' dir='ltr'><strong>VIII.</strong></span> 
     </span>
    </p>
   </div>
   <div class='ocr_carea' id='block_1_4' title="bbox 887 1299 1099 1343">
    <p class='ocr_par' dir='ltr' id='par_1_4' title="bbox 887 1299 1099 1343">
     <span class='ocr_line' id='line_1_4' title="bbox 887 1299 1099 1343; baseline 0.005 -1"><span class='ocrx_word' id='word_1_8' title='bbox 887 1299 1028 1343; x_wconf 88' lang='lat' dir='ltr'><strong>CAP.</strong></span> <span class='ocrx_word' id='word_1_9' title='bbox 1061 1301 1099 1343; x_wconf 90' lang='grc' dir='ltr'><strong>Ι.</strong></span> 
     </span>
    </p>
   </div>
   <div class='ocr_carea' id='block_1_5' title="bbox 419 1436 1584 1484">
    <p class='ocr_par' dir='ltr' id='par_1_5' title="bbox 419 1436 1584 1484">
     <span class='ocr_line' id='line_1_5' title="bbox 419 1436 1584 1484; baseline 0.004 -4"><span class='ocrx_word' id='word_1_10' title='bbox 419 1437 506 1480; x_wconf 92' lang='lat' dir='ltr'><strong>DE</strong></span> <span class='ocrx_word' id='word_1_11' title='bbox 534 1436 816 1481; x_wconf 86' lang='lat' dir='ltr'><strong>JUDICIIS</strong></span> <span class='ocrx_word' id='word_1_12' title='bbox 849 1436 1148 1482; x_wconf 90' lang='lat' dir='ltr'><strong>PUBLICIS</strong></span> <span class='ocrx_word' id='word_1_13' title='bbox 1181 1440 1584 1484; x_wconf 83' lang='lat' dir='ltr'><strong>INSIGNIBUS.</strong></span> 
     </span>
    </p>
   </div>
   <div class='ocr_carea' id='block_1_6' title="bbox 447 1572 1463 1599">
    <p class='ocr_par' dir='ltr' id='par_1_6' title="bbox 447 1572 1463 1599">
     <span class='ocr_line' id='line_1_6' title="bbox 447 1572 1463 1599; baseline -0.001 -1"><span class='ocrx_word' id='word_1_14' title='bbox 447 1572 580 1598; x_wconf 78' lang='lat' dir='ltr'><strong>QUIBUS</strong></span> <span class='ocrx_word' id='word_1_15' title='bbox 594 1572 780 1597; x_wconf 76' lang='lat' dir='ltr'><strong>ABsomJ&#39;rl.</strong></span> <span class='ocrx_word' id='word_1_16' title='bbox 1280 1574 1463 1599; x_wconf 76' lang='lat' dir='ltr'><strong>DAMNATI.</strong></span> 
     </span>
    </p>
   </div>
   <div class='ocr_carea' id='block_1_7' title="bbox 277 1622 1728 2014">
    <p class='ocr_par' dir='ltr' id='par_1_7' title="bbox 277 1622 1728 2014">
     <span class='ocr_line' id='line_1_7' title="bbox 282 1622 1469 1667; baseline 0.003 -12"><span class='ocrx_word' id='word_1_17' title='bbox 282 1626 300 1655; x_wconf 87' lang='lat'><em>1</em></span> <span class='ocrx_word' id='word_1_18' title='bbox 325 1623 375 1655; x_wconf 90' lang='lat' dir='ltr'><strong>M.</strong></span> <span class='ocrx_word' id='word_1_19' title='bbox 393 1622 560 1655; x_wconf 82' lang='lat' dir='ltr'>Horatius</span> <span class='ocrx_word' id='word_1_20' title='bbox 575 1623 809 1664; x_wconf 81' lang='lat' dir='ltr'><strong>Tergeminus.</strong></span> <span class='ocrx_word' id='word_1_21' title='bbox 1045 1629 1062 1658; x_wconf 92' lang='grc'>1</span> <span class='ocrx_word' id='word_1_22' title='bbox 1089 1625 1130 1658; x_wconf 88' lang='lat' dir='ltr'><strong>L.</strong></span> <span class='ocrx_word' id='word_1_23' title='bbox 1148 1626 1266 1667; x_wconf 87' lang='lat' dir='ltr'><strong>Scipio</strong></span> <span class='ocrx_word' id='word_1_24' title='bbox 1281 1626 1469 1658; x_wconf 81' lang='lat' dir='ltr'><strong>Asiaticus.</strong></span> 
     </span>
     <span class='ocr_line' id='line_1_8' title="bbox 279 1666 1334 1708; baseline 0.004 -10"><span class='ocrx_word' id='word_1_25' title='bbox 279 1669 302 1699; x_wconf 83' lang='lat'><strong>2</strong></span> <span class='ocrx_word' id='word_1_26' title='bbox 323 1667 400 1699; x_wconf 87' lang='lat' dir='ltr'><strong>Ser.</strong></span> <span class='ocrx_word' id='word_1_27' title='bbox 415 1666 587 1708; x_wconf 84' lang='lat' dir='ltr'>Sulpicius</span> <span class='ocrx_word' id='word_1_28' title='bbox 604 1666 729 1699; x_wconf 87' lang='lat' dir='ltr'><strong>Galba.</strong></span> <span class='ocrx_word' id='word_1_29' title='bbox 1043 1673 1063 1702; x_wconf 83' lang='lat'>2</span> <span class='ocrx_word' id='word_1_30' title='bbox 1088 1670 1127 1702; x_wconf 90' lang='lat' dir='ltr'><strong>C.</strong></span> <span class='ocrx_word' id='word_1_31' title='bbox 1144 1670 1334 1702; x_wconf 83' lang='lat' dir='ltr'><strong>Decianus.</strong></span> 
     </span>
     <span class='ocr_line' id='line_1_9' title="bbox 280 1708 1307 1746; baseline 0.004 -5"><span class='ocrx_word' id='word_1_32' title='bbox 280 1713 300 1742; x_wconf 83' lang='lat'><strong>3</strong></span> <span class='ocrx_word' id='word_1_33' title='bbox 324 1708 368 1742; x_wconf 90' lang='lat' dir='ltr'><strong>A.</strong></span> <span class='ocrx_word' id='word_1_34' title='bbox 387 1709 568 1742; x_wconf 86' lang='lat' dir='ltr'><strong>Gabinius.</strong></span> <span class='ocrx_word' id='word_1_35' title='bbox 1043 1716 1063 1744; x_wconf 83' lang='grc'>3</span> <span class='ocrx_word' id='word_1_36' title='bbox 1086 1714 1166 1746; x_wconf 88' lang='lat' dir='ltr'><strong>Sex.</strong></span> <span class='ocrx_word' id='word_1_37' title='bbox 1181 1714 1307 1745; x_wconf 85' lang='lat' dir='ltr'><strong>Titius.</strong></span> 
     </span>
     <span class='ocr_line' id='line_1_10' title="bbox 277 1753 1486 1798; baseline 0.001 -12"><span class='ocrx_word' id='word_1_38' title='bbox 277 1755 299 1786; x_wconf 89' lang='grc'>4</span> <span class='ocrx_word' id='word_1_39' title='bbox 326 1753 364 1785; x_wconf 88' lang='grc' dir='ltr'><strong>Ρ.</strong></span> <span class='ocrx_word' id='word_1_40' title='bbox 381 1753 544 1785; x_wconf 86' lang='lat' dir='ltr'><strong>Claudius</strong></span> <span class='ocrx_word' id='word_1_41' title='bbox 560 1753 723 1786; x_wconf 83' lang='lat' dir='ltr'><strong>Pulcher.</strong></span> <span class='ocrx_word' id='word_1_42' title='bbox 1042 1760 1063 1789; x_wconf 85' lang='grc'>4</span> <span class='ocrx_word' id='word_1_43' title='bbox 1087 1756 1232 1788; x_wconf 84' lang='lat' dir='ltr'><strong>Claudia</strong></span> <span class='ocrx_word' id='word_1_44' title='bbox 1247 1756 1316 1798; x_wconf 87' lang='lat' dir='ltr'><strong>Ap.</strong></span> <span class='ocrx_word' id='word_1_45' title='bbox 1334 1755 1428 1788; x_wconf 88' lang='lat' dir='ltr'><strong>Caeci</strong></span> <span class='ocrx_word' id='word_1_46' title='bbox 1447 1755 1486 1787; x_wconf 84' lang='lat' dir='ltr'><strong>F.</strong></span> 
     </span>
     <span class='ocr_line' id='line_1_11' title="bbox 278 1796 1728 1840; baseline 0.001 -11"><span class='ocrx_word' id='word_1_47' title='bbox 278 1800 298 1829; x_wconf 89' lang='lat'>5</span> <span class='ocrx_word' id='word_1_48' title='bbox 322 1796 455 1828; x_wconf 83' lang='lat' dir='ltr'><strong>Tuccia</strong></span> <span class='ocrx_word' id='word_1_49' title='bbox 474 1797 570 1837; x_wconf 76' lang='lat' dir='ltr'><strong>virgo</strong></span> <span class='ocrx_word' id='word_1_50' title='bbox 587 1796 750 1829; x_wconf 84' lang='lat' dir='ltr'><strong>Vestalis.</strong></span> <span class='ocrx_word' id='word_1_51' title='bbox 1042 1804 1061 1831; x_wconf 87' lang='grc'>5</span> <span class='ocrx_word' id='word_1_52' title='bbox 1086 1800 1136 1832; x_wconf 93' lang='grc' dir='ltr'><strong>Μ.</strong></span> <span class='ocrx_word' id='word_1_53' title='bbox 1155 1800 1317 1840; x_wconf 59' lang='lat' dir='ltr'><strong>Mulvius„</strong></span> <span class='ocrx_word' id='word_1_54' title='bbox 1341 1801 1403 1832; x_wconf 88' lang='lat' dir='ltr'><strong>Cn.</strong></span> <span class='ocrx_word' id='word_1_55' title='bbox 1419 1797 1564 1839; x_wconf 81' lang='lat' dir='ltr'><strong>Lollius,</strong></span> <span class='ocrx_word' id='word_1_56' title='bbox 1587 1798 1628 1831; x_wconf 90' lang='lat' dir='ltr'><strong>L.</strong></span> <span class='ocrx_word' id='word_1_57' title='bbox 1644 1797 1728 1831; x_wconf 76' lang='lat' dir='ltr'><strong>Sex-</strong></span> 
     </span>
     <span class='ocr_line' id='line_1_12' title="bbox 277 1840 1433 1883; baseline 0.003 -12"><span class='ocrx_word' id='word_1_58' title='bbox 277 1843 300 1871; x_wconf 82' lang='lat'>6</span> <span class='ocrx_word' id='word_1_59' title='bbox 324 1840 363 1871; x_wconf 94' lang='lat' dir='ltr'><strong>L.</strong></span> <span class='ocrx_word' id='word_1_60' title='bbox 382 1840 589 1881; x_wconf 81' lang='lat' dir='ltr'><strong>Calpurnius</strong></span> <span class='ocrx_word' id='word_1_61' title='bbox 604 1840 699 1872; x_wconf 84' lang='lat' dir='ltr'><strong>Piso.</strong></span> <span class='ocrx_word' id='word_1_62' title='bbox 1129 1844 1236 1883; x_wconf 89' lang='lat' dir='ltr'><strong>tilius,</strong></span> <span class='ocrx_word' id='word_1_63' title='bbox 1251 1842 1433 1874; x_wconf 80' lang='lat' dir='ltr'><strong>triumviri.</strong></span> 
     </span>
     <span class='ocr_line' id='line_1_13' title="bbox 278 1883 1468 1926; baseline 0.003 -11"><span class='ocrx_word' id='word_1_64' title='bbox 278 1885 298 1914; x_wconf 83' lang='grc'><strong>7</strong></span> <span class='ocrx_word' id='word_1_65' title='bbox 323 1883 354 1916; x_wconf 82' lang='lat' dir='ltr'>Q</span> <span class='ocrx_word' id='word_1_66' title='bbox 1041 1889 1062 1918; x_wconf 88' lang='grc'><strong>6</strong></span> <span class='ocrx_word' id='word_1_67' title='bbox 1085 1885 1126 1918; x_wconf 91' lang='lat' dir='ltr'><strong>P.</strong></span> <span class='ocrx_word' id='word_1_68' title='bbox 1142 1887 1283 1926; x_wconf 84' lang='lat' dir='ltr'><strong>Villius,</strong></span> <span class='ocrx_word' id='word_1_69' title='bbox 1299 1884 1468 1918; x_wconf 87' lang='lat' dir='ltr'><strong>triumvir.</strong></span> 
     </span>
     <span class='ocr_line' id='line_1_14' title="bbox 278 1928 1481 1961; baseline 0.001 -3"><span class='ocrx_word' id='word_1_70' title='bbox 278 1928 299 1958; x_wconf 82' lang='lat'><em>8</em></span> <span class='ocrx_word' id='word_1_71' title='bbox 1041 1932 1062 1961; x_wconf 81' lang='lat'><strong>&#39;7</strong></span> <span class='ocrx_word' id='word_1_72' title='bbox 1086 1930 1135 1961; x_wconf 89' lang='grc' dir='ltr'><strong>Μ.</strong></span> <span class='ocrx_word' id='word_1_73' title='bbox 1150 1930 1304 1961; x_wconf 85' lang='lat' dir='ltr'><strong>AEmilius</strong></span> <span class='ocrx_word' id='word_1_74' title='bbox 1318 1928 1481 1961; x_wconf 85' lang='lat' dir='ltr'><strong>Porcina.</strong></span> 
     </span>
     <span class='ocr_line' id='line_1_15' title="bbox 1042 1971 1505 2014; baseline -0.002 -10"><span class='ocrx_word' id='word_1_75' title='bbox 1042 1975 1062 2004; x_wconf 88' lang='grc'>8</span> <span class='ocrx_word' id='word_1_76' title='bbox 1085 1971 1342 2005; x_wconf 79' lang='lat' dir='ltr'><strong>Paterfamilias</strong></span> <span class='ocrx_word' id='word_1_77' title='bbox 1355 1971 1505 2014; x_wconf 77' lang='lat' dir='ltr'><strong>quidam.</strong></span> 
     </span>
    </p>
   </div>
   <div class='ocr_carea' id='block_1_8' title="bbox 256 1883 844 2055">
    <p class='ocr_par' dir='ltr' id='par_1_8' title="bbox 256 1883 844 2055">
     <span class='ocr_line' id='line_1_16' title="bbox 359 1883 663 1923; baseline -0.003 -8"><span class='ocrx_word' id='word_1_78' title='bbox 359 1906 367 1915; x_wconf 95' lang='lat'><strong>.</strong></span> <span class='ocrx_word' id='word_1_79' title='bbox 384 1883 520 1915; x_wconf 80' lang='lat' dir='ltr'><strong>Flavius</strong></span> <span class='ocrx_word' id='word_1_80' title='bbox 543 1893 663 1923; x_wconf 80' lang='lat' dir='ltr'><strong>augur.</strong></span> 
     </span>
     <span class='ocr_line' id='line_1_17' title="bbox 324 1925 801 1959; baseline -0.002 -1"><span class='ocrx_word' id='word_1_81' title='bbox 324 1926 362 1958; x_wconf 91' lang='lat' dir='ltr'><strong>C.</strong></span> <span class='ocrx_word' id='word_1_82' title='bbox 379 1926 564 1958; x_wconf 79' lang='lat' dir='ltr'><strong>Cosconius</strong></span> <span class='ocrx_word' id='word_1_83' title='bbox 580 1925 801 1959; x_wconf 84' lang='lat' dir='ltr'><strong>Callidianus.</strong></span> 
     </span>
     <span class='ocr_line' id='line_1_18' title="bbox 277 1969 715 2002; baseline 0 -1"><span class='ocrx_word' id='word_1_84' title='bbox 277 1972 300 2001; x_wconf 82' lang='lat'><strong>9</strong></span> <span class='ocrx_word' id='word_1_85' title='bbox 323 1969 366 2002; x_wconf 94' lang='lat' dir='ltr'><strong>A.</strong></span> <span class='ocrx_word' id='word_1_86' title='bbox 382 1969 509 2001; x_wconf 90' lang='lat' dir='ltr'><strong>Atilius</strong></span> <span class='ocrx_word' id='word_1_87' title='bbox 524 1970 715 2002; x_wconf 83' lang='lat' dir='ltr'><strong>Calatinus.</strong></span> 
     </span>
     <span class='ocr_line' id='line_1_19' title="bbox 256 2011 844 2055; baseline 0.002 -11"><span class='ocrx_word' id='word_1_88' title='bbox 256 2015 299 2045; x_wconf 90' lang='lat'><strong>10</strong></span> <span class='ocrx_word' id='word_1_89' title='bbox 324 2013 374 2044; x_wconf 90' lang='lat' dir='ltr'><strong>M.</strong></span> <span class='ocrx_word' id='word_1_90' title='bbox 391 2012 547 2045; x_wconf 86' lang='lat' dir='ltr'><strong>AEmilius</strong></span> <span class='ocrx_word' id='word_1_91' title='bbox 561 2011 844 2055; x_wconf 80' lang='lat' dir='ltr'><strong>Scaurusj&#39;unior.</strong></span> 
     </span>
    </p>
   </div>
   <div class='ocr_carea' id='block_1_9' title="bbox 256 2049 1531 2309">
    <p class='ocr_par' dir='ltr' id='par_1_9' title="bbox 257 2049 1512 2089">
     <span class='ocr_line' id='line_1_20' title="bbox 257 2049 1512 2089; baseline -0.002 0"><span class='ocrx_word' id='word_1_92' title='bbox 257 2059 297 2089; x_wconf 92' lang='lat'><strong>11</strong></span> <span class='ocrx_word' id='word_1_93' title='bbox 325 2056 361 2088; x_wconf 80' lang='lat' dir='ltr'><strong>L.</strong></span> <span class='ocrx_word' id='word_1_94' title='bbox 377 2055 538 2088; x_wconf 84' lang='lat' dir='ltr'><strong>Aurelius</strong></span> <span class='ocrx_word' id='word_1_95' title='bbox 551 2057 669 2089; x_wconf 88' lang='lat' dir='ltr'><strong>Cotta.</strong></span> <span class='ocrx_word' id='word_1_96' title='bbox 1221 2049 1402 2073; x_wconf 76' lang='lat' dir='ltr'><strong>AMBUSTAE</strong></span> <span class='ocrx_word' id='word_1_97' title='bbox 1415 2049 1512 2072; x_wconf 71' lang='lat' dir='ltr'><strong>DUAE·</strong></span> 
     </span>
    </p>

    <p class='ocr_par' dir='ltr' id='par_1_10' title="bbox 257 2098 1419 2132">
     <span class='ocr_line' id='line_1_21' title="bbox 257 2098 1419 2132; baseline -0.002 0"><span class='ocrx_word' id='word_1_98' title='bbox 257 2101 299 2132; x_wconf 89' lang='grc'><strong>12</strong></span> <span class='ocrx_word' id='word_1_99' title='bbox 323 2099 488 2131; x_wconf 89' lang='lat' dir='ltr'><strong>Callidius</strong></span> <span class='ocrx_word' id='word_1_100' title='bbox 504 2100 739 2132; x_wconf 83' lang='lat' dir='ltr'><strong>Bononiensis.</strong></span> <span class='ocrx_word' id='word_1_101' title='bbox 1040 2102 1057 2132; x_wconf 93' lang='lat'>1</span> <span class='ocrx_word' id='word_1_102' title='bbox 1082 2099 1211 2131; x_wconf 85' lang='lat' dir='ltr'><strong>Mulier</strong></span> <span class='ocrx_word' id='word_1_103' title='bbox 1227 2098 1419 2131; x_wconf 75' lang='lat' dir='ltr'><strong>matricida.</strong></span> 
     </span>
    </p>

    <p class='ocr_par' dir='ltr' id='par_1_11' title="bbox 256 2141 1531 2309">
     <span class='ocr_line' id='line_1_22' title="bbox 256 2141 1531 2190; baseline -0.002 -14"><span class='ocrx_word' id='word_1_104' title='bbox 256 2145 298 2190; x_wconf 70' lang='lat'><strong>13</strong></span> <span class='ocrx_word' id='word_1_105' title='bbox 322 2143 435 2175; x_wconf 89' lang='lat' dir='ltr'><strong>Cloelii</strong></span> <span class='ocrx_word' id='word_1_106' title='bbox 453 2142 521 2175; x_wconf 91' lang='lat' dir='ltr'><strong>duo</strong></span> <span class='ocrx_word' id='word_1_107' title='bbox 536 2144 579 2175; x_wconf 88' lang='lat' dir='ltr'><strong>T.</strong></span> <span class='ocrx_word' id='word_1_108' title='bbox 595 2144 633 2175; x_wconf 90' lang='lat' dir='ltr'><strong>F.</strong></span> <span class='ocrx_word' id='word_1_109' title='bbox 650 2142 929 2176; x_wconf 79' lang='lat' dir='ltr'><strong>Tarracinenses.</strong></span> <span class='ocrx_word' id='word_1_110' title='bbox 1040 2145 1060 2175; x_wconf 85' lang='lat'><strong>2</strong></span> <span class='ocrx_word' id='word_1_111' title='bbox 1085 2142 1348 2175; x_wconf 86' lang='lat' dir='ltr'><strong>Materfamilias</strong></span> <span class='ocrx_word' id='word_1_112' title='bbox 1364 2141 1531 2184; x_wconf 77' lang='lat' dir='ltr'><strong>quaedam.</strong></span> 
     </span>
     <span class='ocr_line' id='line_1_23' title="bbox 857 2276 1125 2309; baseline -0.004 -1"><span class='ocrx_word' id='word_1_113' title='bbox 857 2279 886 2308; x_wconf 80' lang='lat' dir='ltr'><strong>A</strong></span> <span class='ocrx_word' id='word_1_114' title='bbox 898 2276 1125 2309; x_wconf 78' lang='lat' dir='ltr'><strong>BSOLUTI.</strong></span> 
     </span>
    </p>
   </div>
   <div class='ocr_carea' id='block_1_10' title="bbox 254 2333 1723 2474">
    <p class='ocr_par' dir='ltr' id='par_1_12' title="bbox 254 2333 1723 2474">
     <span class='ocr_line' id='line_1_24' title="bbox 255 2333 1723 2408; baseline -0.001 -13"><span class='ocrx_word' id='word_1_115' title='bbox 255 2333 431 2398; x_wconf 79' lang='lat' dir='ltr'>NUNC</span> <span class='ocrx_word' id='word_1_116' title='bbox 453 2364 631 2408; x_wconf 86' lang='lat' dir='ltr'><strong>quoque</strong></span> <span class='ocrx_word' id='word_1_117' title='bbox 653 2357 702 2394; x_wconf 89' lang='lat' dir='ltr'><strong>ut</strong></span> <span class='ocrx_word' id='word_1_118' title='bbox 723 2353 919 2407; x_wconf 85' lang='lat' dir='ltr'><strong>aequiore</strong></span> <span class='ocrx_word' id='word_1_119' title='bbox 938 2353 1084 2395; x_wconf 86' lang='lat' dir='ltr'><strong>animo</strong></span> <span class='ocrx_word' id='word_1_120' title='bbox 1105 2353 1324 2407; x_wconf 85' lang='lat' dir='ltr'><strong>ancipites</strong></span> <span class='ocrx_word' id='word_1_121' title='bbox 1339 2352 1608 2408; x_wconf 87' lang='lat' dir='ltr'><strong>judiciorum</strong></span> <span class='ocrx_word' id='word_1_122' title='bbox 1629 2364 1723 2393; x_wconf 92' lang='lat' dir='ltr'><strong>mo-</strong></span> 
     </span>
     <span class='ocr_line' id='line_1_25' title="bbox 254 2419 1719 2474; baseline -0.003 -10"><span class='ocrx_word' id='word_1_123' title='bbox 254 2425 329 2464; x_wconf 83' lang='lat' dir='ltr'><strong>tus</strong></span> <span class='ocrx_word' id='word_1_124' title='bbox 351 2421 623 2472; x_wconf 86' lang='lat' dir='ltr'><strong>tolerentur‚¹</strong></span> <span class='ocrx_word' id='word_1_125' title='bbox 660 2421 944 2463; x_wconf 86' lang='lat' dir='ltr'><strong>recordemur</strong></span> <span class='ocrx_word' id='word_1_126' title='bbox 978 2421 1146 2463; x_wconf 87' lang='lat' dir='ltr'><strong>invidia</strong></span> <span class='ocrx_word' id='word_1_127' title='bbox 1176 2421 1448 2471; x_wconf 83' lang='lat' dir='ltr'><strong>laboranteS‚</strong></span> <span class='ocrx_word' id='word_1_128' title='bbox 1469 2420 1633 2474; x_wconf 81' lang='lat' dir='ltr'><strong>quibus</strong></span> <span class='ocrx_word' id='word_1_129' title='bbox 1664 2419 1719 2460; x_wconf 83' lang='lat' dir='ltr'><strong>de</strong></span> 
     </span>
    </p>
   </div>
   <div class='ocr_carea' id='block_1_11' title="bbox 257 2488 1717 2609">
    <p class='ocr_par' dir='ltr' id='par_1_13' title="bbox 257 2488 1717 2609">
     <span class='ocr_line' id='line_1_26' title="bbox 257 2488 1202 2539; baseline -0.004 -8"><span class='ocrx_word' id='word_1_130' title='bbox 257 2489 408 2531; x_wconf 84' lang='lat' dir='ltr'><strong>causis</strong></span> <span class='ocrx_word' id='word_1_131' title='bbox 429 2493 510 2531; x_wconf 84' lang='lat' dir='ltr'><strong>aut</strong></span> <span class='ocrx_word' id='word_1_132' title='bbox 529 2488 728 2531; x_wconf 85' lang='lat' dir='ltr'><strong>absoluti</strong></span> <span class='ocrx_word' id='word_1_133' title='bbox 749 2493 866 2539; x_wconf 84' lang='lat' dir='ltr'><strong>sunt,</strong></span> <span class='ocrx_word' id='word_1_134' title='bbox 889 2494 968 2530; x_wconf 85' lang='lat' dir='ltr'><strong>aut</strong></span> <span class='ocrx_word' id='word_1_135' title='bbox 989 2489 1202 2531; x_wconf 82' lang='lat' dir='ltr'><strong>damnati.</strong></span> 
     </span>
     <span class='ocr_line' id='line_1_27' title="bbox 312 2553 1717 2609; baseline -0.003 -9"><span class='ocrx_word' id='word_1_136' title='bbox 312 2559 353 2601; x_wconf 90' lang='grc'><strong>1.</strong></span> <span class='ocrx_word' id='word_1_137' title='bbox 385 2557 451 2599; x_wconf 88' lang='grc' dir='ltr'><strong>Μ.</strong></span> <span class='ocrx_word' id='word_1_138' title='bbox 475 2558 696 2600; x_wconf 86' lang='lat' dir='ltr'><strong>Horatius</strong></span> <span class='ocrx_word' id='word_1_139' title='bbox 717 2557 964 2599; x_wconf 73' lang='lat' dir='ltr'><strong>interfectae</strong></span> <span class='ocrx_word' id='word_1_140' title='bbox 987 2557 1150 2598; x_wconf 84' lang='lat' dir='ltr'><strong>sororis</strong></span> <span class='ocrx_word' id='word_1_141' title='bbox 1180 2554 1361 2597; x_wconf 86' lang='lat' dir='ltr'><strong>crimine</strong></span> <span class='ocrx_word' id='word_1_142' title='bbox 1397 2567 1426 2595; x_wconf 85' lang='lat' dir='ltr'><strong>a</strong></span> <span class='ocrx_word' id='word_1_143' title='bbox 1455 2553 1589 2596; x_wconf 88' lang='lat' dir='ltr'><strong>Tullo</strong></span> <span class='ocrx_word' id='word_1_144' title='bbox 1617 2567 1717 2609; x_wconf 85' lang='lat' dir='ltr'><strong>rege</strong></span> 
     </span>
    </p>
   </div>
   <div class='ocr_carea' id='block_1_12' title="bbox 860 2664 901 2677">
    <p class='ocr_par' dir='ltr' id='par_1_14' title="bbox 860 2664 901 2677">
     <span class='ocr_line' id='line_1_28' title="bbox 860 2664 901 2677; baseline 0 0"><span class='ocrx_word' id='word_1_145' title='bbox 860 2664 901 2677; x_wconf 61' lang='grc' dir='ltr'><strong>Ν</strong></span> 
     </span>
    </p>
   </div>
   <div class='ocr_carea' id='block_1_13' title="bbox 903 2664 1098 2677">
    <p class='ocr_par' dir='ltr' id='par_1_15' title="bbox 903 2664 1098 2677">
     <span class='ocr_line' id='line_1_29' title="bbox 903 2664 1098 2677; baseline 0 455"><span class='ocrx_word' id='word_1_146' title='bbox 903 2664 1098 2677; x_wconf 95' lang='lat' dir='ltr'><strong> </strong></span> 
     </span>
    </p>
   </div>
   <div class='ocr_carea' id='block_1_14' title="bbox 255 2718 1717 2806">
    <p class='ocr_par' dir='ltr' id='par_1_16' title="bbox 255 2718 1717 2806">
     <span class='ocr_line' id='line_1_30' title="bbox 299 2718 1717 2763; baseline -0.001 -9"><span class='ocrx_word' id='word_1_147' title='bbox 299 2725 316 2754; x_wconf 83' lang='lat'><em>1</em></span> <span class='ocrx_word' id='word_1_148' title='bbox 342 2722 470 2763; x_wconf 87' lang='lat' dir='ltr'><strong>Ultraj.</strong></span> <span class='ocrx_word' id='word_1_149' title='bbox 488 2725 518 2754; x_wconf 90' lang='lat' dir='ltr'><strong>l.</strong></span> <span class='ocrx_word' id='word_1_150' title='bbox 542 2722 639 2755; x_wconf 86' lang='lat' dir='ltr'><strong>Leid.</strong></span> <span class='ocrx_word' id='word_1_151' title='bbox 665 2726 698 2754; x_wconf 86' lang='lat'><strong>5.</strong></span> <span class='ocrx_word' id='word_1_152' title='bbox 723 2722 822 2755; x_wconf 84' lang='lat' dir='ltr'><strong>Harl.</strong></span> <span class='ocrx_word' id='word_1_153' title='bbox 849 2727 885 2754; x_wconf 91' lang='lat' dir='ltr'><strong>et</strong></span> <span class='ocrx_word' id='word_1_154' title='bbox 907 2722 975 2753; x_wconf 91' lang='lat' dir='ltr'><strong>duo</strong></span> <span class='ocrx_word' id='word_1_155' title='bbox 1004 2722 1062 2753; x_wconf 86' lang='lat' dir='ltr'><strong>alii</strong></span> <span class='ocrx_word' id='word_1_156' title='bbox 1088 2721 1232 2753; x_wconf 87' lang='lat' dir='ltr'><strong>Torren.</strong></span> <span class='ocrx_word' id='word_1_157' title='bbox 1260 2730 1336 2752; x_wconf 86' lang='lat' dir='ltr'><strong>cum</strong></span> <span class='ocrx_word' id='word_1_158' title='bbox 1362 2718 1499 2760; x_wconf 86' lang='lat' dir='ltr'><strong>Gryph.</strong></span> <span class='ocrx_word' id='word_1_159' title='bbox 1526 2718 1717 2752; x_wconf 77' lang='lat' dir='ltr'><strong>tollerentur.</strong></span> 
     </span>
     <span class='ocr_line' id='line_1_31' title="bbox 255 2761 1717 2806; baseline -0.005 -6"><span class='ocrx_word' id='word_1_160' title='bbox 255 2764 386 2800; x_wconf 88' lang='lat' dir='ltr'><strong>Medic.</strong></span> <span class='ocrx_word' id='word_1_161' title='bbox 404 2768 436 2798; x_wconf 81' lang='lat'><strong>2.</strong></span> <span class='ocrx_word' id='word_1_162' title='bbox 461 2775 536 2798; x_wconf 89' lang='lat' dir='ltr'><strong>cum</strong></span> <span class='ocrx_word' id='word_1_163' title='bbox 565 2766 648 2799; x_wconf 85' lang='lat' dir='ltr'><strong>Par.</strong></span> <span class='ocrx_word' id='word_1_164' title='bbox 672 2768 704 2798; x_wconf 83' lang='grc'><strong>4.</strong></span> <span class='ocrx_word' id='word_1_165' title='bbox 725 2765 860 2806; x_wconf 83' lang='lat' dir='ltr'><strong>infamia</strong></span> <span class='ocrx_word' id='word_1_166' title='bbox 876 2766 1060 2798; x_wconf 79' lang='lat' dir='ltr'><strong>laborantes.</strong></span> <span class='ocrx_word' id='word_1_167' title='bbox 1105 2765 1189 2798; x_wconf 88' lang='lat' dir='ltr'><strong>Mox</strong></span> <span class='ocrx_word' id='word_1_168' title='bbox 1216 2765 1339 2806; x_wconf 85' lang='lat' dir='ltr'><strong>Copes.</strong></span> <span class='ocrx_word' id='word_1_169' title='bbox 1362 2762 1471 2804; x_wconf 80' lang='lat' dir='ltr'><strong>quibus</strong></span> <span class='ocrx_word' id='word_1_170' title='bbox 1496 2771 1536 2793; x_wconf 76' lang='lat' dir='ltr'><strong>ex</strong></span> <span class='ocrx_word' id='word_1_171' title='bbox 1562 2761 1717 2794; x_wconf 66' lang='lat' dir='ltr'><strong>causis.—</strong></span> 
     </span>
    </p>
   </div>
  </div>
 </body>
</html>
