1878 3132
643 191 755 224 cst.
784 191 830 223 v.
866 191 930 223 nn
961 190 1211 224 Jusrrrm.
1575 182 1664 226 629

178 290 271 334 fide
290 291 339 334 id
360 295 531 346 gestum
556 290 614 334 ab
633 290 906 346 imperatore
926 289 1178 341 videbatur,
1198 291 1401 333 maxima
1419 304 1529 334 cura
1555 303 1665 334 con·

179 360 379 415 quisitos
398 359 597 412 redemit,
618 360 766 415 iisque
786 359 1020 402 habitandi
1041 359 1188 414 gratia
1207 359 1359 402 locum
1379 360 1424 402 in
1442 359 1665 403 Aventino

177 430 438 484 assignavit,
469 434 518 472 et
548 428 723 485 praedia
757 427 987 472 restituit.⁶
1046 428 1294 472 Pecuniam
1329 428 1464 471 etiam
1490 442 1582 471 non
1603 429 1665 472 ad

181 497 385 550 curiam,⁷
414 497 495 540 sed
516 498 574 540 ad
595 497 794 541 sacraria
813 497 1096 549 aedificanda,
1123 497 1436 553 sacrificiaque
1455 497 1666 542 facienda

179 566 360 609 tribuit:
384 566 668 622 justitiaeque
699 567 1004 622 promtissimo
1034 574 1194 610 tenore
1232 567 1399 619 effecit,
1435 570 1486 610 ut
1521 568 1665 611 exitio

180 647 265 678 suo
285 635 431 678 laetari
453 638 654 691 possent,
675 635 785 691 quia
801 636 868 678 sic
880 634 896 660 ⁸
934 636 1081 678 renati
1100 639 1257 679 erant-⁶

239 702 506 746 Moenibus⁹
535 704 723 755 nostris,
758 707 804 746 et
837 703 1039 748 finitimis
1070 705 1343 759 regionibus,
1380 717 1483 760 quae
1515 704 1665 747 adhuc

177 773 338 816 retuli:
370 773 491 830 quod
519 774 741 829 sequitur,
767 786 846 829 per
866 777 1011 816 totum
1035 778 1252 817 terrarum
1270 775 1420 818 orbem
1450 775 1666 817 manavit.

178 841 480 886 Timochares
493 840 556 868 ¹0f
598 842 940 885 Ambraciensis
973 842 1183 886 Fabricio
1216 843 1394 886 consuli
1431 844 1667 900 pollicitus

177 916 264 962 est,
296 915 310 934 ‘
329 925 379 955 se
400 911 623 967 Pyrrhum
645 925 816 955 veneno
837 925 915 967 per
941 911 1083 955 filium
1111 926 1257 965 suum,
1295 913 1375 969 qui
1407 913 1667 969 potionibus

178 980 282 1036 ejus
302 984 504 1037 praeerat,
523 981 810 1024 necaturum!
871 980 942 1024 Ea
971 994 1046 1024 res
1067 995 1169 1025 cum
1192 981 1248 1024 ad
1278 985 1516 1024 senatumss
1545 986 1668 1025 esset

222 1132 237 1149 ²
251 1127 364 1170 Sicque
370 1127 535 1168 justitiam
548 1129 702 1162 servando
717 1128 838 1171 effecit,
853 1131 888 1161 ut
902 1128 953 1161 iun·
967 1128 1148 1161 calamitate
1168 1137 1226 1160 sua
1241 1127 1348 1160 laetari
1362 1130 1501 1170 ponent,
1524 1127 1600 1171 quia
1621 1127 1668 1171 sie

179 1173 214 1203 in
229 1171 493 1212 meliorisortuua
505 1173 648 1206 restituti
663 1176 767 1206 erant.

800 1258 1042 1271 mmm

178 1324 275 1362 dium
298 1324 395 1357 Leid.
411 1328 444 1358 5.
459 1334 532 1357 cum
545 1325 650 1357 constal
666 1324 898 1358 claudium—6
921 1324 1068 1367 Pighius
1090 1324 1270 1357 ediderat:
1294 1328 1327 1357 et
1348 1325 1475 1367 proedia
1498 1324 1544 1358 eis
1570 1325 1666 1358 resti-

180 1369 269 1406 inst,-
290 1366 330 1399 τὸ
352 1368 411 1406 eis,
436 1367 527 1409 quod
552 1368 662 1401 deleri
683 1369 790 1411 jussit
817 1369 977 1401 Perizou.
1005 1378 1073 1400 non
1102 1374 1296 1411 agnoscunt
1324 1369 1491 1402 eodm—7
1515 1369 1667 1412 ‘Copes.

180 1412 273 1444 solus
289 1413 420 1444 omittit
436 1422 496 1444 mm
511 1413 552 1444 ad
564 1413 695 1445 curium.
741 1413 874 1445 Vereor
890 1422 933 1444 ne
948 1412 1004 1445 hic
1021 1413 1115 1445 locus
1142 1412 1267 1445 malam
1295 1422 1432 1445 manum
1459 1413 1507 1446 sit
1534 1422 1669 1455 passus,

182 1460 220 1487 et
244 1460 355 1488 totum
384 1456 450 1487 hoc
478 1460 592 1488 ortum
621 1457 665 1488 ab
692 1456 805 1499 aliqua
830 1456 1086 1489 emendatione.
1133 1456 1285 1489 Videtur
1310 1462 1434 1490 auctor
1459 1457 1662 1500 scripsisse:

182 1498 356 1532 Pecuniam
381 1500 478 1532 etiam
506 1501 548 1532 ad
573 1499 715 1532 sacraria
740 1499 938 1544 aedfficanw,
963 1499 1180 1543 sacrificiaque
1194 1499 1350 1540 facienda
1374 1500 1502 1533 tribuit.
1548 1501 1669 1542 Certe,

181 1551 246 1575 cur
261 1543 316 1575 hie
333 1542 496 1584 addatur,
518 1553 580 1575 non
595 1545 636 1576 ad
650 1545 784 1586 curiam,
807 1544 970 1586 equidem
989 1553 1054 1576 non
1077 1544 1255 1586 excogito.
1302 1543 1359 1576 An
1386 1544 1491 1577 moris
1516 1549 1605 1586 erat,
1629 1551 1668 1577 ut

182 1587 303 1628 populi
320 1587 460 1627 devicti,
483 1591 520 1619 et
535 1587 625 1619 intra
653 1588 773 1619 urbem
798 1588 947 1629 recepti,
969 1587 1097 1630 singuli
1125 1588 1190 1620 sibi
1213 1587 1344 1621 curiam
1371 1588 1603 1629 aedificarent,
1628 1593 1666 1621 ut

182 1629 370 1663 admonere
386 1630 562 1672 debuerit,
581 1631 616 1662 in
632 1630 695 1663 hoc
711 1631 840 1673 populo
853 1631 887 1663 id
905 1630 1035 1663 factum
1052 1640 1120 1663 non
1137 1630 1266 1664 fuisse?
1290 1632 1443 1665 minime.
1488 1633 1557 1665 Sed
1573 1631 1667 1665 forte

180 1674 345 1716 scripsit3
368 1674 422 1707 Aa
436 1674 557 1707 cur-iam
578 1674 797 1717 aedificandam
819 1679 850 1707 et
868 1674 1027 1718 sacrificia
1038 1675 1213 1715 facienda.-
1236 1684 1300 1718 per
1322 1676 1444 1708 curiam
1465 1675 1666 1717 intelligens

179 1718 383 1758 sacrarium,
399 1719 433 1750 in
447 1727 515 1760 quo
531 1718 699 1750 Curiones
717 1728 814 1751 sacra
829 1717 1029 1759 faciebant;
1078 1718 1145 1751 uod
1162 1729 1230 1751 non
1259 1719 1460 1761 intelligens
1485 1720 1668 1762 glossator,

181 1761 357 1804 ascripsit,
379 1771 440 1794 non
455 1763 496 1794 ad
510 1762 633 1794 curiam
645 1763 700 1795 sed
714 1763 871 1802 sacraria,
894 1762 929 1794 id
946 1762 1038 1805 quod
1079 1762 1181 1795 einde
1196 1763 1231 1795 in
1256 1768 1391 1796 textum
1417 1765 1534 1806 potuit
1554 1768 1667 1796 trans-

181 1804 277 1838 iisse.
325 1805 421 1839 Leid.
437 1816 507 1838 sec.
521 1806 563 1839 ad
577 1806 754 1838 sacrariam
768 1805 984 1849 ludificandi?
1007 1806 1155 1839 Torren.
1198 1807 1208 1824 ⁴
1225 1806 1321 1839 Nihil
1350 1811 1496 1847 mutem,
1521 1807 1581 1840 sed
1608 1817 1669 1840 ex·

179 1849 330 1890 plicem:
355 1850 537 1891 pecuniam
555 1858 622 1882 non
639 1849 683 1882 ad
701 1859 781 1882 usus
795 1850 970 1892 politicos,
992 1850 1052 1882 sed
1069 1849 1113 1883 ad
1131 1860 1213 1883 usus
1228 1860 1347 1883 sacros
1372 1850 1540 1884 adhibuit.
1585 1851 1666 1884 Hoc

180 1893 272 1925 enim
291 1891 464 1935 faciendo,
483 1893 558 1935 jam
571 1893 758 1936 antiquitas
773 1893 912 1936 putavit
934 1894 1067 1926 crimen
1096 1904 1197 1936 posse
1224 1894 1368 1928 aboleri.
1391 1894 1533 1937 Papae?
1557 1895 1668 1938 Kapp.

180 1939 246 1969 --8
271 1936 472 1970 Perizonius
497 1937 608 1978 malit,
631 1939 686 1979 qui
708 1937 768 1978 sic,
791 1939 914 1979 &su—9
937 1938 1027 1970 Haec
1055 1938 1217 1980 periodus
1246 1947 1356 1980 usque
1383 1938 1425 1971 ad
1451 1939 1667 1980 Timochares,

181 1978 284 2012 deest
298 1980 332 2012 in
353 1980 452 2013 Harl.
475 1986 623 2024 utroque
640 1982 713 2015 Bit.
738 1986 776 2014 et
801 1981 899 2014 Leid.
928 1985 1088 2016 sem—10
1111 1982 1319 2014 Perizonius
1346 1982 1527 2024 ascripsit:
1554 1985 1563 2001 ⁶
1578 1983 1667 2016 Vide

181 2022 358 2056 Ammian.
375 2025 487 2058 Marc.
516 2025 555 2057 1..
582 2034 676 2058 xxx.
703 2034 737 2067 p.
761 2027 837 2058 453.
863 2020 924 2058 ubi
953 2025 1163 2058 Demochares
1188 2025 1365 2058 scribitur.
1408 2026 1491 2059 Seu.
1508 2027 1575 2069 Ep.
1592 2030 1668 2060 120.

180 2067 268 2100 Tac.
285 2068 323 2100 1..
342 2076 382 2100 n.
399 2067 490 2102 Ann.
506 2067 571 2101 88!
618 2069 717 2101 Harl.
737 2068 959 2102 Thinwcmtis.
995 2069 1087 2102 Ultr.
1113 2069 1213 2111 prim.
1241 2070 1443 2103 Timet-lates.
1467 2080 1538 2102 sec.
1561 2071 1668 2103 Timo-

177 2110 297 2144 catha.
344 2111 559 2144 Timocharem
573 2112 665 2155 apud
679 2111 852 2146 Ammian.
866 2112 997 2145 habere
1013 2113 1119 2146 etiam
1136 2113 1346 2156 Mariangeli
1359 2113 1552 2147 editionem
1563 2114 1666 2148 Vale·

853 2207 883 2240 N
889 2208 998 2242 OTAE

226 2281 241 2301 f
262 2281 475 2324 Timochares]
499 2282 556 2315 Sic
571 2283 676 2315 etiam
699 2283 897 2325 appellatur
952 2286 962 2302 ‘
985 2285 1110 2328 Neque
1137 2285 1341 2334 amicorum,
1368 2297 1482 2330 neque
1517 2288 1667 2319 hostium

183 2344 204 2366 a
220 2333 354 2374 Ge11i03
378 2334 490 2366 Nicias
505 2344 587 2367 vero
604 2345 623 2366 a
640 2335 790 2367 Zonara.
815 2336 896 2368 Plu·
952 2335 1151 2370 fortunatus
1183 2338 1372 2371 aestimator
1408 2349 1486 2372 esse
1516 2339 1667 2372 videris:

184 2384 325 2418 tarchus
353 2395 477 2417 nomen
504 2395 572 2418 non
596 2386 727 2428 prodit,
743 2386 802 2419 sed
824 2387 898 2419 Me·
953 2388 1152 2430 Cognosces
1168 2390 1259 2421 enim
1284 2395 1319 2422 te
1337 2391 1436 2423 bonis
1453 2391 1608 2433 quidem,
1625 2401 1667 2424 ac

184 2437 301 2469 dicum
340 2441 455 2469 vocat.
503 2436 560 2470 Ita
597 2437 701 2470 etiam
736 2436 898 2471 Aurelius
946 2439 1055 2481 justis
1071 2440 1155 2472 viris
1171 2440 1297 2473 bellum
1315 2440 1456 2482 inferre,
1469 2441 1567 2473 malis
1585 2451 1668 2475 vero

184 2489 320 2521 Victor.
953 2494 1060 2533 atque
1085 2490 1224 2533 injustis
1252 2491 1443 2533 confidere,
1463 2494 1529 2525 ἃς.
1574 2490 1666 2527 Haec

228 2545 244 2569 t
272 2541 352 2572 Cum
377 2540 418 2572 ad
440 2538 598 2581 senatum]
622 2540 831 2573 Plutarchus
862 2546 899 2574 et
954 2547 1069 2574 autem
1101 2551 1168 2574 non
1196 2546 1258 2574 tua
1276 2543 1390 2584 gratia
1417 2547 1500 2576 nota
1521 2542 1666 2578 facimus

184 2592 337 2624 Zonaras
361 2591 483 2623 nolunt
506 2593 701 2623 consultum
727 2601 770 2624 ea
792 2592 836 2625 de
861 2602 897 2626 re
955 2593 1039 2633 tibi3
1068 2593 1130 2626 sed
1158 2603 1201 2626 ne
1226 2603 1318 2626 mors
1343 2599 1404 2627 tua
1422 2594 1521 2627 nobis
1537 2596 1668 2630 calum-

182 2642 372 2683 Senatum3
411 2642 590 2674 Fabricius
620 2643 725 2684 enim,
755 2643 784 2675 si
814 2644 898 2686 ipsis
951 2645 1044 2677 niam
1073 2644 1212 2684 afferat,
1236 2646 1334 2687 quasi
1353 2645 1486 2679 virtute
1509 2647 1668 2690 nequire·

185 2693 370 2734 credimus,
394 2698 575 2736 postquam
591 2694 728 2726 AEmilio
744 2695 898 2737 Collegae
952 2706 1027 2728 mus
1052 2702 1088 2729 te
1111 2705 1292 2737 superare,
1312 2696 1394 2729 dolo
1421 2698 1668 2733 contendisse.'

186 2754 258 2777 rem
274 2744 462 2786 persuasit,
487 2745 529 2777 ad
551 2745 723 2787 Pyrrhum
745 2746 838 2779 misit
858 2747 897 2779 li-
951 2747 1010 2780 Sic
1023 2747 1162 2790 quidem
1173 2747 1402 2782 Plutarchus:
1416 2749 1593 2793 aliquanto
1604 2751 1665 2784 ali-

186 2799 293 2839 teras,
318 2805 462 2839 quarum
494 2797 669 2830 sententia
697 2797 773 2831 haec
803 2797 895 2832 fuit:
953 2803 1008 2832 ter
1038 2798 1171 2832 Gellius
1193 2798 1255 2832 lib.
1278 2808 1335 2834 111.
1357 2809 1390 2834 c.
1416 2803 1450 2835 8.
1474 2801 1574 2836 ‘Nos
1601 2812 1666 2846 pro
