1878 3132
384 187 493 220 cAP.
518 186 582 218 VI.
618 185 682 218 DE
717 182 934 217 PIETATE
971 184 1103 216 ERGA
1139 183 1383 217 PATRIAM.
1542 173 1632 219 569

142 287 204 330 hil
223 290 296 330 est
314 287 463 342 igitur,
484 289 679 341 excepta
698 285 875 336 virtute,
898 282 1019 338 quod
1038 283 1215 326 mortali
1236 284 1384 326 animo
1407 295 1463 327 ac
1497 297 1632 328 manu

142 355 395 399 immortale
417 355 558 411 quaeri
578 353 738 410 possit.
1207 415 1209 417 ι
1261 414 1264 416 v

199 426 244 468 5.
275 425 474 468 Juvenili
495 424 653 467 ardore
677 423 816 479 plena
840 422 939 465 haec
969 422 1130 478 pietas.
1190 419 1463 466 Aristoteles
1481 428 1494 446 ⁵
1523 435 1629 466 vero

142 507 364 552 supremae
381 499 414 526 ⁵¹
446 494 553 538 vitae
574 494 788 549 reliquias
808 493 1024 535 senilibus
1053 505 1107 535 ac
1138 491 1315 546 rugosis
1335 492 1559 543 membriS‚
1581 493 1628 534 in

141 576 318 607 summo
352 564 578 607 literarum
613 565 726 616 otio,
747 563 826 606 vix
861 562 1135 614 custodienS,
1166 561 1281 604 adeo
1310 561 1512 604 valenter
1542 574 1625 616 pro

140 632 287 676 salute
317 634 475 689 patriae
505 633 730 684 incubuit,
762 635 813 674 ut
839 645 955 683 eam,
985 631 1228 674 hostilibus
1254 629 1415 672 armis‘
1445 630 1543 673 solo
1565 643 1627 672 ae-

139 707 337 759 quatum,
357 703 403 745 in
431 703 602 746 lectulo
625 702 895 746 Atheniensi
920 701 1093 757 jacenS,
1118 699 1418 742 Macedonum
1450 699 1505 741 de
1533 713 1627 743 ma-

139 771 289 823 nibus,
310 772 476 828 quibus
504 773 683 828 abjecta
712 774 822 824 erat,
842 771 1085 826 eriperet.⁵²
1146 769 1220 811 Ita
1249 768 1395 819 urbs,¹¹
1424 772 1627 811 nontam

138 845 276 884 strata
307 845 444 897 atque
464 855 622 884 eversa
635 846 666 873 ⁵³
702 840 963 892 Alexandri,
984 853 1118 896 quam
1140 838 1346 881 restituta
1367 836 1627 880 Aristotelis

136 915 292 952 notum
307 915 378 953 est
396 923 524 966 opus.
585 910 717 954 Patet
743 923 863 965 ergo,
883 924 1018 966 quam
1037 909 1258 964 benignae,
1279 920 1504 963 quamque
1524 919 1626 962 pro-

136 979 250 1022 fusae
272 978 460 1035 pietatis
479 991 583 1034 erga
602 979 796 1035 patriam
831 979 1028 1021 omnium
1059 978 1277 1028 ordinum,
1302 976 1451 1019 omnis
1474 976 1625 1018 aetatis

136 1047 340 1090 homines
368 1047 626 1101 extiterint;
661 1047 1051 1103 sanctissimisque
1087 1050 1263 1089 naturae
1290 1045 1466 1099 legibus
1502 1043 1626 1086 miri-

137 1115 323 1158 ficorum
344 1116 479 1159 etiam
493 1116 803 1172 exemplorum
819 1116 943 1159 clara
957 1116 1124 1159 mundo
1145 1114 1472 1169 subscripserit
1493 1114 1624 1157 uber-

137 1184 238 1227 tas!⁵
251 1188 311 1218 ⁵⁴*

179 1317 194 1341 ⁵
217 1320 367 1363 Quodque
389 1323 508 1356 veritas
528 1323 763 1357 admirabilium
785 1323 999 1366 exemplorum
1029 1322 1173 1355 omuibus
1196 1326 1271 1355 nota
1296 1321 1475 1354 hominibus
1499 1319 1624 1363 probet,

135 1373 225 1405 quam
239 1366 331 1398 multi
343 1367 556 1400 unctissimas
569 1371 694 1401 naturoe
707 1369 793 1408 leges
806 1367 897 1400 illum
911 1377 1049 1400 amorem
1060 1366 1283 1409 praecipientes
1295 1367 1395 1400 secuti
1409 1366 1485 1398 sint.

756 1466 998 1480 “NONOWO

133 1534 217 1583 ²:⁰⁴¹
232 1532 362 1576 Ultraj.
378 1536 412 1566 2.
427 1533 687 1569 immensae.—5l
713 1536 876 1569 Perizon.
906 1535 996 1577 conj.
1027 1537 1288 1577 supremas.--52
1311 1534 1321 1553 ‘
1338 1535 1460 1575 Locus,
1489 1533 1612 1576 siquis

133 1575 232 1618 alius,
247 1577 334 1609 mire
347 1577 572 1620 depravatus.
618 1580 735 1621 Lego:
753 1584 787 1612 ut
803 1587 885 1617 eom,
901 1580 932 1613 h.
949 1591 979 1612 α.
994 1590 1021 1612 s.
1034 1590 1074 1612 ω.
1091 1579 1116 1611 i.
1132 1579 1154 1611 l.
1167 1578 1434 1619 Athenisfflvens,
1448 1581 1480 1610 et
1493 1578 1618 1619 quidem

134 1619 344 1653 Macedonum
359 1621 512 1663 manibus,
526 1634 556 1664 q.
574 1634 604 1656 a.
623 1633 652 1656 e.
667 1625 816 1665 erigeret.
856 1623 943 1656 Haec
958 1624 1051 1655 enim
1068 1622 1175 1654 lectio
1190 1627 1226 1654 et
1238 1622 1392 1654 historiae
1408 1621 1620 1654 conveniens

132 1667 247 1714 esp-et
263 1673 306 1696 ex
319 1665 473 1707 reliquiis
485 1668 705 1709 varietatum,
719 1677 795 1710 quae
812 1667 846 1699 in
858 1667 958 1700 codd.
974 1672 1010 1699 et
1026 1666 1106 1698 edd.
1119 1670 1209 1698 vett.
1226 1669 1425 1706 occurrunt,
1441 1665 1621 1697 commode

134 1706 212 1739 elici
228 1711 356 1749 potest.
369 1709 408 1741 ab
419 1709 585 1743 hostilibus
597 1712 696 1743 armis
712 1711 831 1743 decem
849 1710 954 1744 codd.
967 1714 1003 1743 et
1020 1711 1117 1752 Mog.
1134 1713 1171 1742 et
1186 1708 1292 1741 Aldd.
1309 1709 1349 1741 ab
1363 1709 1506 1741 hostibus
1517 1708 1618 1741 armis

133 1754 206 1782 tres
223 1750 326 1784 codd.
339 1753 483 1786 Torren.
511 1754 594 1787 Vet.
625 1755 766 1787 Venett.
791 1755 963 1798 aliaeque3
986 1754 1025 1786 ab
1050 1755 1130 1786 host.
1154 1753 1253 1785 armis
1279 1753 1406 1795 Copes.
1429 1753 1620 1794 oequandam

135 1793 261 1846 Copes.
273 1795 381 1828 Barb.
396 1799 427 1829 1.
443 1797 574 1831 Medic.
586 1801 619 1830 2.
634 1803 670 1831 et
683 1797 828 1831 Ascens.
845 1802 968 1831 contra
979 1798 1127 1830 historiae
1139 1795 1256 1829 fidem.
1279 1796 1521 1829 Atheniensium
1536 1797 1622 1830 Ver.

131 1837 269 1870 Athenio
281 1838 338 1872 Jo.
353 1839 525 1874 Sarisber.
563 1843 675 1875 Porro
691 1841 864 1875 fluctuant
879 1843 967 1875 Mss.
985 1842 1076 1874 inter
1090 1840 1230 1883 equitum
1241 1840 1450 1873 Macedonum
1466 1840 1624 1880 manibus,

130 1890 171 1914 ac
186 1882 353 1924 etquidem
369 1884 423 1916 vel
432 1885 575 1927 equidem
589 1886 717 1919 Maced.
732 1885 876 1918 manibus
889 1896 900 1924 ,·
924 1886 989 1918 hoc
1005 1890 1122 1918 tamen
1139 1885 1256 1926 plures
1271 1884 1414 1917 habent.
1461 1881 1618 1926 Equidem

130 1925 168 1958 de
185 1925 233 1958 Μ.
247 1936 290 1976 m.
307 1927 392 1961 Vet.
407 1929 641 1971 eorumdemque
659 1930 865 1963 Macedonum
887 1929 1033 1961 manibus
1055 1929 1255 1970 suspicatur
1270 1928 1474 1961 Torrenius.
1497 1927 1618 1968 objecta

132 1967 211 2001 Vet.
240 1969 396 2012 Pighius,
418 1972 566 2016 aliique:
590 1973 715 2013 adiecta
734 1974 769 2005 in
786 1973 903 2006 multis
919 1972 1020 2005 codd.
1045 1972 1177 2013 disiecta
1202 1971 1334 2012 Aldus3
1357 1973 1496 2011 erigeret
1523 1971 1616 2003 solus

131 2010 254 2054 Aldus,
269 2014 387 2047 nescio
404 2025 446 2047 au
461 2026 506 2048 ex
531 2017 682 2058 ingenio,
707 2017 768 2049 sed
783 2027 874 2050 vere.
919 2016 960 2048 Iu
988 2021 1088 2049 textu
1114 2021 1255 2048 secutus
1281 2026 1356 2047 sum
1380 2014 1616 2048 'roi-renium!

130 2056 241 2098 Kapp.
266 2056 347 2090 Ald.
361 2060 394 2090 4.
404 2064 501 2093 certe
518 2070 584 2092 non
597 2060 702 2093 habet
716 2062 866 2102 erigeret,
879 2060 1034 2103 quamvis
1050 2060 1100 2093 ita
1112 2060 1204 2092 sitin
1217 2059 1324 2092 Aldd.
1338 2062 1371 2092 2.
1384 2062 1417 2091 3.
1430 2063 1464 2092 5.
1478 2059 1537 2090 sed
1550 2058 1614 2091 eri-

126 2103 313 2141 peren—⁴53
330 2102 384 2134 Ita
395 2113 454 2135 non
467 2107 534 2135 tam
546 2104 619 2136 urbs
630 2104 764 2145 Βίας-ἱνα
777 2115 884 2137 eversa
897 2104 1034 2147 quidam
1044 2103 1193 2136 dederat
1204 2113 1246 2135 ex
1258 2103 1397 2136 Laertio
1410 2107 1532 2136 contra
1544 2112 1614 2134 om-

130 2152 192 2176 nes
203 2143 307 2195 codd.
338 2145 502 2179 Nonnulli
520 2157 597 2179 cum
613 2148 694 2180 Vet.
721 2149 887 2181 omittunt
902 2158 964 2180 nrm
979 2151 1045 2180 tam
1055 2159 1067 2186 ,·
1091 2148 1149 2179 alii
1166 2147 1298 2179 habent
1312 2157 1320 2179 :
1345 2157 1453 2180 eversa
1468 2157 1531 2179 non
1547 2150 1614 2178 lum

127 2186 330 2226 Alexandn5
353 2189 479 2232 Ultraj.
499 2194 530 2223 l.
546 2193 576 2223 2.
593 2196 631 2224 et
646 2192 742 2232 Mog.
784 2193 837 2224 lea
851 2195 916 2224 tam
931 2191 1007 2223 urbs
1022 2194 1228 2224 straten—54
1251 2191 1395 2233 Pighius
1420 2200 1465 2223 ex
1481 2190 1616 2222 dnobus

130 2230 234 2263 codd.
251 2231 472 2282 scribendum
488 2236 625 2275 putavit
639 2236 759 2268 veritas
772 2245 836 2276 pro
851 2235 1003 2273 ubertum
1026 2235 1116 2277 quod
1134 2235 1314 2276 epitheton
1330 2235 1418 2267 clara
1437 2244 1506 2267 non
1522 2243 1614 2267 com-

130 2278 253 2315 petere
265 2275 404 2308 videtur
418 2277 584 2311 ubertati.
626 2279 756 2311 Verum
771 2279 898 2311 ubertas
913 2278 1043 2311 habent
1054 2279 1265 2321 antiquiores
1282 2279 1376 2321 typis
1393 2278 1566 2320 expressi,
1576 2280 1616 2309 et

130 2322 278 2368 uterque
288 2319 464 2354 Brandeb.
499 2321 596 2354 Med.
621 2322 723 2362 prim.
747 2322 933 2365 subscripsit
948 2323 1080 2361 veritas,
1098 2327 1134 2355 et
1150 2332 1213 2364 pro
1230 2333 1262 2355 v.
1291 2323 1314 2356 l.
1330 2322 1468 2354 ubertas.
1516 2320 1614 2353 Leid.

131 2370 229 2402 prim.
243 2362 429 2405 subscr-ipsit
454 2365 595 2397 libertos.
616 2366 762 2399 Torren.
785 2367 875 2408 conj.
903 2367 1171 2408 sanctissimisqtoe
1184 2369 1311 2398 nutura·
1327 2366 1450 2407 legibus
1464 2364 1615 2406 mirifico·

128 2408 424 2456 rum-exemplorum
434 2409 510 2440 data
519 2410 632 2442 mundo
646 2410 869 2451 subscripserit
879 2410 1028 2443 ubertas.-
1052 2410 1107 2443 cui
1121 2414 1256 2452 postea,
1269 2420 1344 2442 cara
1359 2420 1401 2442 m.
1413 2407 1614 2451 subscripsit,

128 2447 301 2499 Perizonii
317 2451 520 2493 conjectura
533 2453 643 2495 magis
657 2453 846 2487 blanditur.
892 2454 1058 2487 Ceterum
1070 2453 1280 2495 Theophilus
1291 2458 1440 2485 testatur
1453 2452 1613 2494 antiquos

128 2491 268 2543 codices
293 2493 434 2536 habere,
456 2496 542 2529 clara
556 2499 670 2529 mundo
685 2498 861 2540 subscripta
883 2500 1044 2530 testantur
1052 2508 1065 2536 ;
1090 2497 1123 2530 id
1151 2496 1245 2541 quod
1273 2496 1403 2529 habent
1428 2496 1515 2528 Mss.
1538 2504 1613 2536 sex,

128 2544 194 2567 uisi
208 2537 299 2579 quod
317 2547 402 2571 nnus
418 2539 536 2582 habet,
552 2543 761 2583 attestantur,
778 2542 862 2574 alius
874 2542 1008 2583 scripta.

796 2620 940 2653 NOTAE

170 2693 182 2710 ⁸
196 2690 398 2734 Aristoteles]
414 2693 731 2737 Peripateticorum
742 2696 837 2739 prim
935 2697 946 2718 θ
969 2695 1152 2730 Hostilibus
1177 2694 1290 2737 armis]
1324 2692 1482 2727 Patriam
1506 2693 1610 2735 enim,

126 2749 220 2782 ceps,
242 2745 280 2774 et
306 2742 494 2778 Alexandri
530 2747 651 2788 Magni
678 2758 835 2791 praecep-
891 2759 951 2783 seu
965 2759 984 2782 a
998 2749 1246 2791 Pliilippo,seu
1260 2746 1303 2779 ab
1315 2746 1391 2788 ipso
1407 2744 1610 2779 Alexandro

127 2796 193 2829 tor,
209 2793 349 2835 scriptis
364 2795 433 2828 suis
449 2796 661 2831 notissimus.
892 2810 1062 2842 eversam,
1094 2804 1132 2832 ut
1161 2802 1428 2839 restauraretur,
1457 2797 1610 2831 obtinuit
