1878 3132
264 169 350 212 564
662 176 870 209 VALER11
905 176 1099 208 MAxuvu
1137 177 1234 209 nin.
1268 156 1314 207 v.

263 292 338 322 um
368 275 561 319 hostium
592 287 760 330 agmen,
790 275 948 330 patriae
983 274 1190 325 salutem,
1222 273 1308 316 sibi
1341 278 1530 316 mortem
1567 278 1735 332 petens,

263 345 450 402 irrupit:
479 344 691 399 factaque
714 343 882 398 ingenti
901 341 1064 397 strage.
1088 343 1290 398 plurimis
1313 343 1415 384 telis
1435 344 1638 395 obrutus,
1659 357 1736 386 su-

262 429 341 471 per
362 414 543 458 corruit.
603 414 675 456 Ex
696 413 825 469 cujus
844 413 1098 455 vulneribus
1114 416 1159 454 et
1176 412 1386 466 sanguine
1402 412 1630 467 insperata
1641 412 1734 455 vic-

262 485 374 527 toria
392 483 605 525 emersit.*

318 554 360 597 6.
393 551 590 595 Unicum
611 552 714 595 talis
736 551 1018 607 imperatoris
1030 555 1065 581 ²⁵
1096 550 1325 606 specimen
1342 553 1474 602 esset,
1491 550 1610 592 nisi·
1639 550 1735 592 ani-

262 636 335 666 mo
377 635 459 664 suo
500 621 843 676 respondentem
884 620 1024 662 filium
1067 619 1306 674 genuisset.
1366 618 1416 660 Is
1454 632 1650 674 namque
1689 619 1735 660 in

263 695 420 747 quarto
452 692 685 734 consulatu
718 690 860 745 patris
891 687 1144 743 exemplum
1175 690 1372 737 secutus,
1405 686 1645 730 devotione
1673 687 1734 730 si-

246 759 385 812 *miliss
416 773 545 815 aeque
577 764 758 801 strenua
789 770 951 812 pugna,
985 760 1287 798 consentaneo
1322 754 1447 796 exitu
1478 754 1685 797 labantes
1698 753 1735 780 ²⁶
1783 760 1785 762 '

260 829 549 884 perditasque
571 829 688 870 vires
710 827 846 870 Urbis
866 832 1032 868 nostrae
1061 822 1287 867 correxit*
1347 822 1512 878 Itaque
1530 823 1735 877 dignosci

262 897 450 940 arduum
473 900 557 948 est,
579 901 723 939 utrum
746 896 957 938 Romana
977 895 1138 937 civitas
1167 892 1320 934 utilius
1341 892 1546 934 habuerit
1566 891 1733 934 Decios

261 968 414 1018 duces,
428 971 463 998 ²⁷
494 979 549 1008 an
581 965 803 1007 amiserit:
847 964 1059 1019 quoniam
1091 962 1184 1004 vita
1217 973 1371 1002 eorum
1401 973 1458 1002 ne
1485 961 1735 1003 vinceretur

261 1036 466 1088 obstitit3
495 1047 614 1077 mors
631 1034 757 1085 fecit,
779 1038 826 1076 ut
847 1034 1059 1075 vinceret.

316 1105 359 1146 7.
393 1102 499 1145 Non
521 1106 591 1144 est
611 1103 836 1144 extinctus
854 1113 936 1156 pro
958 1099 1191 1154 republica
1211 1097 1415 1152 superior
1435 1096 1592 1152 Scipio
1613 1096 1734 1140 Afri-

261 1186 423 1215 canus:
466 1172 548 1213 sed
583 1170 835 1213 admirabili
868 1170 1039 1220 virtute,
1078 1181 1134 1210 ne
1166 1166 1426 1221 respublica
1457 1166 1734 1220 extinguere-

260 1246 343 1293 tur,
365 1240 573 1296 providit.
635 1239 866 1294 Siquidem
898 1251 998 1280 cum
1030 1237 1196 1279 afflicta
1227 1234 1454 1276 Cannensi
1477 1233 1608 1276 clade
1627 1234 1732 1276 urbs

259 1313 412 1353 nostra
431 1309 540 1350 nihil
561 1308 682 1351 aliud
715 1321 849 1362 quam
880 1306 1038 1361 praeda
1058 1304 1241 1347 victoris
1273 1315 1375 1344 esse
1389 1302 1424 1327 ²⁸
1458 1302 1733 1344 Hannibalis

260 1379 503 1422 videretur:
536 1377 735 1431 ideoque
754 1373 974 1430 reliquiaej
993 1373 1203 1430 prostrati
1220 1371 1463 1423 exercituS,
1477 1370 1731 1415 deserendae

302 1544 318 1559 ⁸
343 1539 532 1580 Exemplum
554 1538 670 1570 amoris
689 1538 723 1570 in
743 1537 881 1579 patriam
903 1537 1028 1568 unicum
1051 1538 1130 1567 esset
1152 1533 1190 1566 ab
1213 1533 1268 1565 illo
1290 1533 1484 1575 Imperatore
1505 1529 1636 1570 editum,
1657 1527 1733 1563 nisi,

260 1582 313 1622 ‹ts-c.

875 1653 1118 1667 ‘ww‘

261 1732 322 1764 sed
337 1732 433 1765 Harl.
454 1736 490 1764 et
507 1732 605 1764 Leid.
637 1734 668 1763 1.
696 1731 992 1771 delentjam.-25
1016 1731 1085 1762 Sex
1110 1730 1211 1762 codd.
1232 1731 1377 1761 Torren.
1401 1729 1477 1761 talis
1498 1727 1647 1770 imperii.-
1671 1736 1733 1768 pro

258 1775 423 1817 specimen,
440 1775 530 1817 quod
547 1785 663 1807 omnes
693 1775 749 1807 alii
780 1773 882 1806 codd.
894 1779 1081 1814 testantur,
1103 1773 1265 1806 Sambuci
1283 1772 1384 1804 codd.
1401 1772 1542 1804 exhibet
1556 1774 1710 1803 see-tamen
1725 1779 1737 1807 ς

259 1818 351 1850 unde
369 1819 506 1858 Lipsius
524 1819 614 1859 conj.
633 1820 910 1859 spectantem—26
934 1817 1140 1851 Quindecim
1165 1816 1267 1848 codd.
1294 1817 1438 1848 Torren.
1468 1825 1545 1847 cum
1572 1814 1672 1847 Vett.
1697 1819 1735 1845 et

259 1862 378 1903 Mogg.
392 1861 626 1894 labentes.--27
652 1862 707 1894 lta
719 1862 821 1901 Pigh.
839 1871 882 1892 ex
898 1860 1001 1893 codd.
1024 1861 1141 1902 itaque
1158 1860 1267 1901 major
1280 1869 1359 1900 pars
1377 1858 1477 1891 codd.
1493 1859 1635 1890 Torren.
1655 1864 1735 1889 cum

260 1905 356 1936 Vett.
372 1905 490 1946 Mogg.
506 1905 650 1936 Venctt.
668 1909 704 1936 et
716 1904 861 1936 Mediol.
877 1905 970 1935 duces
985 1903 1151 1935 omittunt
1165 1902 1271 1935 Aldd.
1289 1902 1399 1934 Colin.
1415 1901 1550 1944 Gryph.
1568 1905 1604 1933 et
1617 1900 1735 1941 steph.

260 1957 336 1979 cum
354 1948 524 1980 nonnullis
538 1947 639 1979 codd.
663 1948 719 1979 alii
743 1947 843 1980 codd.
858 1949 1025 1979 omittunt
1040 1947 1177 1978 Decios:
1200 1946 1356 1978 nonnulli
1371 1946 1516 1977 Torren.
1531 1944 1596 1976 hoc
1613 1942 1735 1975 ordine

259 1991 445 2024 exhibent:
472 1991 515 2024 R.
537 1991 652 2024 civitas
668 1991 784 2024 Decios
799 2001 829 2023 u.
845 1991 878 2022 h.
894 1992 1089 2023 ποθι-28
1112 1990 1244 2023 Vocem
1259 1998 1324 2021 esse
1340 1988 1460 2022 delent
1475 1987 1615 2030 pauculi
1630 1985 1731 2019 codd.

926 2086 959 2119 N
966 2085 1069 2118 OTAE

305 2174 325 2194 *
350 2174 416 2207 An.
439 2175 488 2207 M.
515 2177 613 2207 3714.
639 2173 697 2207 Ol.
719 2177 794 2207 110.
824 2177 855 2207 1.
886 2174 972 2206 Urb.
1027 2173 1087 2205 ubi
1129 2173 1280 2205 hostium
1326 2172 1406 2204 telis
1443 2169 1622 2204 confectus
1669 2173 1735 2201 est.

263 2226 302 2259 C.
318 2228 396 2258 413.
412 2225 494 2257 Ant.
509 2226 570 2258 Ch.
586 2228 662 2257 339.
1025 2223 1167 2255 Deinde
1183 2224 1323 2263 Fabius,
1348 2222 1405 2265 qui
1429 2220 1627 2255 cunctando
1643 2220 1733 2252 diem

301 2276 497 2308 *Deuotione
511 2276 623 2317 simili]
636 2278 680 2311 Q.
698 2276 822 2308 Fabius
838 2276 969 2308 Rnuia-
1025 2279 1241 2313 extraxerat,
1257 2274 1369 2306 acrius
1392 2274 1522 2306 instare
1545 2271 1666 2313 coepit,
1683 2281 1734 2303 re«

263 2338 325 2359 nus
342 2331 377 2360 et
392 2327 520 2359 Decius
537 2327 703 2359 Consules
718 2331 839 2358 contra
852 2326 969 2359 Gallos
1025 2325 1175 2366 tulitque
1213 2324 1390 2357 victoriam
1404 2334 1412 2355 :
1459 2332 1549 2355 caesa
1583 2322 1732 2354 hostium

264 2383 300 2411 et
325 2378 497 2410 Samnites
513 2378 556 2410 ad
581 2378 733 2410 Clusium
750 2378 905 2420 praelium
920 2378 969 2409 in·
1025 2376 1149 2418 viginti
1166 2376 1318 2418 quinque
1334 2374 1452 2415 millia,
1467 2377 1547 2406 octo
1563 2377 1680 2415 capta.

264 2431 395 2469 ierant3
414 2430 558 2472 jamque
584 2429 756 2462 Gallicum
777 2429 969 2470 equitatum
1069 2431 1083 2461 t
1107 2427 1174 2459 An.
1188 2427 1240 2458 M.
1259 2429 1355 2459 3759.
1405 2426 1464 2459 01.
1482 2428 1557 2458 121.
1572 2427 1603 2457 2.
1647 2423 1734 2456 Urb.

265 2481 395 2513 Decius
411 2480 464 2512 bis
479 2483 664 2519 averterat,
679 2489 756 2511 cum
773 2488 791 2510 e
813 2479 970 2511 curribus
1028 2480 1067 2512 C.
1084 2482 1161 2512 458.
1198 2478 1280 2511 Ant.
1298 2479 1361 2511 Ch.
1378 2481 1455 2510 294.

266 2533 360 2565 Galli
394 2538 590 2574 pugnantes
627 2531 799 2563 Romanos
837 2533 973 2562 terrent
1070 2528 1274 2570 SReliquioe]
1298 2530 1429 2560 Decem
1441 2528 1614 2560 hominum
1630 2526 1736 2559 millia

267 2584 425 2624 equites:
459 2589 532 2615 turn
559 2583 691 2615 Decius
716 2591 766 2621 se,
791 2581 973 2622 hostesque
1029 2581 1214 2612 Canusium
1240 2578 1417 2621 fugerant,
1440 2589 1459 2610 a
1482 2579 1604 2620 quibus
1627 2578 1735 2619 impe-

268 2635 348 2666 Diis
386 2634 560 2675 Manibus,
590 2637 768 2675 praeeunte
803 2633 854 2664 M.
877 2632 974 2664 Livio
1030 2633 1116 2664 rium
1142 2632 1209 2673 Ap.
1244 2631 1396 2663 Pulchro
1421 2629 1573 2664 AEdilitio
1600 2634 1636 2662 et
1661 2629 1734 2662 Sci-

268 2684 456 2726 Pontffice,
485 2685 652 2725 devovet3
685 2685 803 2727 sicque
829 2684 864 2716 in
894 2693 974 2715 con·
1030 2684 1124 2726 pioni
1139 2682 1320 2715 admodum
1332 2682 1454 2725 juveni
1471 2681 1622 2714 delatum
1638 2685 1703 2714 est.

269 2735 394 2768 fertam
421 2736 599 2768 Gallorum
624 2746 661 2768 se
687 2735 831 2777 conjicit
856 2734 977 2775 aciem,
