1878 3132
301 127 388 171 8322
707 141 917 176 vALsRu
950 143 1144 178 MAxum
1182 146 1276 180 [AB.
1308 148 1382 183 ix.

299 237 540 293 quisquam
570 239 685 282 satis
716 239 848 296 digne
882 247 1046 298 potest,
1078 244 1185 299 quia
1219 244 1324 287 dum
1354 245 1515 302 quaerit
1539 246 1766 305 victorias,

298 305 559 362 Scipionem
590 320 640 350 se
673 311 847 365 populo
887 311 1120 365 Romano3
1150 312 1257 355 dum
1286 319 1504 367 exerces*
1531 316 1768 363 Hanniba-

299 375 387 417 lem
405 378 768 432 repraesentavit:
810 380 984 435 egregie
1006 393 1198 436 namque
1219 384 1481 428 auctoritate
1511 386 1767 432 nobilitatis

297 443 498 498 defensa,
515 446 754 490 crudeliter
773 452 916 491 totam
946 448 1132 502 Urbem,
1152 455 1289 512 atque
1319 465 1472 495 omnes
1494 453 1642 498 Italiae
1663 469 1767 512 par·

297 516 364 556 tes
396 515 546 559 civilis
576 517 808 577 sanguinis
841 516 1099 561 fluminibus
1134 519 1397 564 inundavit:
1441 527 1631 579 quatuor
1656 524 1767 580 legi-

297 583 437 626 onesb
464 586 698 630 contrariae
737 587 896 642 partis,
929 587 1062 630 fidem
1099 602 1226 631 suam
1261 596 1460 644 secutam,
1490 593 1538 635 in
1572 592 1768 638 Publica

295 651 423 697 Villa
451 655 574 710 [quae
608 655 655 697 in
679 655 849 699 Martio
885 668 1051 713 campo
1083 657 1226 711 erat]⁵
1255 658 1557 716 nequicquam
1586 657 1767 706 fallacis

296 722 496 767 dexterae
546 723 900 767 misericordiam
949 725 1256 781 implorantes,
1302 728 1558 772 obtruncari
1589 729 1767 786 jussita-

297 790 500 843 Quarum
519 789 832 836 lamentabiles
852 794 1094 849 quiritatus
1114 794 1303 850 trepidae
1333 797 1534 842 civitatis
1554 812 1682 842 aures
1700 813 1766 842 re-

296 859 559 917 ceperunt:⁶
588 861 790 905 lacerata
819 861 932 906 ferro
966 874 1161 918 corpora
1188 863 1368 908 Tiberis
1399 867 1636 923 impatiens
1654 870 1766 913 tanti

296 930 443 973 oneris
465 931 709 974 cruentatis
733 931 864 988 aquis
884 931 1042 975 vehere
1072 937 1260 976 coactus
1291 940 1375 978 est.
1434 935 1648 993 Quinque
1666 938 1766 982 mil-

294 999 359 1043 lia
377 999 752 1043 Praenestinorum
767 1006 783 1024 ⁰
812 1014 895 1057 spe
916 1001 1079 1045 salutis
1097 1015 1176 1057 per
1197 1002 1252 1044 P.
1269 1002 1517 1060 Cethegum
1542 1005 1665 1059 data,
1685 1010 1765 1050 ex‘-

293 1073 365 1112 tra
398 1069 566 1112 moenia
594 1068 828 1125 municipii
863 1074 1088 1123 evocata‚⁷
1119 1085 1221 1114 cum
1255 1072 1447 1129 abiectis
1478 1075 1614 1118 armis
1640 1074 1767 1120 humi

293 1151 483 1194 corpora
497 1139 864 1194 prostravissent,
883 1140 1202 1193 interficienda,
1219 1142 1513 1199 protinusque
1532 1156 1615 1199 per
1634 1153 1765 1199 agros

294 1207 589 1264 dispergenda
610 1207 797 1251 curavit.
858 1207 1068 1262 Quatuor
1095 1208 1239 1252 millia
1258 1213 1302 1253 et
1329 1212 1637 1267 septingentos
1657 1212 1764 1257 dlrae

293 1277 639 1333 proscriptionis
661 1277 812 1320 edicto
824 1278 1057 1334 jugulatos
1077 1279 1123 1321 in
1148 1278 1330 1322 tabulas
1358 1280 1762 1335 publicasretulit:

293 1345 504 1388 videlicet
534 1358 591 1388 ne
624 1348 834 1390 memoria
860 1351 953 1391 tam
984 1348 1214 1404 praeclarae
1236 1348 1301 1390 rei
1332 1348 1605 1393 dilueretur.⁸
1665 1348 1765 1394 Nec

259 1444 264 1446 >
293 1419 532 1457 contentus
553 1414 599 1457 in
617 1428 698 1458 eos
718 1416 893 1468 saevire,
914 1416 991 1471 qui
1012 1417 1144 1458 armis
1165 1429 1193 1458 a
1215 1429 1264 1459 se
1286 1417 1606 1471 dissenserant,
1629 1419 1765 1462 etiarn

294 1485 434 1540 quieti
454 1485 590 1528 animi
610 1485 750 1538 cives,
770 1488 955 1544 propter
973 1485 1182 1542 pecuniae
1203 1486 1567 1542 magnitudinem,
1587 1500 1669 1544 per
1686 1500 1768 1532 no·

908 1596 1154 1610 ‘MNO
1417 1601 1436 1619 ο

296 1663 395 1699 Quem
410 1663 491 1695 enim
506 1668 653 1697 verm—4
677 1664 686 1682 ‘
700 1664 844 1707 Pighius
866 1665 900 1697 in
924 1665 1060 1698 duobus
1076 1665 1179 1698 codd.
1203 1665 1335 1707 reperit
1349 1666 1423 1697 dum
1439 1664 1596 1698 saevitiam
1617 1669 1742 1698 aercae
1753 1675 1767 1704 ‚·

291 1706 471 1750 ipsamque
489 1718 607 1740 vocem
632 1708 787 1741 saevitiam
803 1708 835 1741 in
855 1713 987 1742 textum
1003 1709 1153 1751 recepit.
1199 1708 1247 1741 At
1266 1709 1407 1741 Colerus
1432 1718 1548 1741 rursus
1575 1708 1767 1750 expunxitz

292 1751 539 1794 contenditque
554 1752 741 1784 rectissime
758 1752 829 1785 dici
843 1753 1010 1785 victoriam
1024 1763 1180 1786 exercere.
1214 1752 1282 1785 Sed
1298 1756 1335 1785 ct
1348 1752 1544 1785 Gronovius
1561 1751 1650 1785 obs.
1667 1760 1720 1784 iv.
1733 1756 1766 1786 5.

288 1794 437 1836 judicat,
463 1795 610 1837 pessime
640 1795 800 1838 Pighium
829 1797 988 1829 saevz'tiam
1014 1807 1057 1829 ex
1085 1796 1220 1829 duobus
1250 1796 1424 1838 corruptis
1453 1795 1553 1828 codd.
1583 1795 1767 1838 adjecisse.

292 1837 408 1870 Abest
423 1848 504 1870 saue
521 1844 557 1870 et
573 1839 616 1871 ab
632 1849 699 1871 uno
715 1840 792 1872 cod.
809 1840 940 1872 Brand.
957 1840 1110 1883 itemque
1136 1840 1180 1872 ab
1205 1839 1459 1882 antiquioribus
1483 1838 1578 1880 typis
1593 1840 1767 1880 expressis

293 1881 376 1914 Aldi
392 1886 428 1915 et
445 1882 620 1915 Chalcoc.'
648 1883 753 1916 Vorst.
798 1883 917 1916 Leidd.
930 1886 964 1916 2.
979 1887 1011 1917 3.
1026 1887 1058 1916 4.
1074 1888 1111 1916 et
1127 1883 1256 1925 Ultraj.
1272 1887 1303 1916 l.
1319 1882 1497 1920 mvitinm,·
1519 1882 1580 1914 sed
1597 1890 1642 1914 ex
1658 1882 1765 1917 narb.

294 1928 326 1958 2.
355 1926 499 1968 colligas
524 1926 610 1958 illud
635 1936 680 1959 ex
704 1937 811 1968 marg.
841 1928 875 1960 iu
906 1931 1108 1960 contextum
1130 1927 1324 1968 irrepsisse.
1368 1925 1490 1959 Habet
1512 1930 1550 1958 et
1568 1925 1653 1958 illud
1674 1927 1766 1967 Mog-

291 1969 458 2002 Nonnulli
483 1974 696 2012 repraesentat.
743 1970 900 2004 Perizon.
927 1971 1018 2013 conj.
1038 1972 1112 2003 dum
1135 1974 1260 2004 exercet
1273 1969 1478 2010 mvitia‚vel
1491 1969 1635 2002 soevitate
1652 1969 1701 2002 H.
1717 1979 1765 2002 re-

288 2017 540 2053 ]›raesentat.-—5
563 2015 573 2032 ‘
591 2014 679 2046 Haec
696 2014 802 2046 verba
818 2015 990 2056 glossema
1002 2015 1154 2056 sapiunt,
1166 2023 1272 2056 qnare
1290 2014 1386 2045 uncis
1402 2013 1538 2054 inclusi,
1552 2013 1636 2045 licet
1648 2013 1681 2045 in
1695 2022 1766 2045 om-

292 2056 392 2088 nibus
415 2057 512 2089 libris
527 2057 707 2090 haereant.’
727 2059 836 2100 Kapp.
880 2058 951 2090 Sed
976 2067 1094 2090 omnes
1108 2063 1248 2090 servant
1263 2056 1363 2089 codd.
1376 2057 1588 2088 Turrem—6
1607 2056 1766 2089 Perizon.

291 2099 383 2141 conj.
394 2101 553 2141 recipere,·
575 2101 636 2133 sed
652 2111 718 2133 non
735 2100 854 2134 favent
867 2101 1033 2135 codd.-⁷
1049 2102 1107 2134 Sic
1124 2101 1290 2143 Pighius:
1311 2098 1503 2132 etfirniant
1517 2100 1581 2132 hoc
1593 2100 1679 2132 Mss.
1693 2099 1767 2141 ple-

291 2143 403 2185 rique,
426 2145 524 2184 Mog.
549 2149 586 2176 et
612 2144 692 2177 Ast·-
737 2145 805 2177 Sed
831 2146 961 2178 Venet.
983 2145 1129 2178 Mediol.
1152 2144 1262 2177 Aldus
1283 2149 1319 2175 et
1342 2143 1464 2185 reliqui
1488 2146 1651 2181 evocatos;
1672 2142 1766 2184 quod

293 2192 346 2218 est
369 2188 402 2218 in
426 2187 524 2219 Harl.
550 2188 658 2221 Barb.
676 2188 748 2221 Bit.
772 2194 810 2220 et
830 2189 961 2231 Ultraj.
976 2189 1174 2231 primis.-—-8
1200 2188 1311 2220 Bitur.
1337 2190 1368 2218 1.
1389 2188 1557 2219 deleretur.
1605 2186 1765 2218 Perizon.

291 2230 453 2274 ascripsit
467 2230 670 2273 dilaberetur,
685 2232 777 2274 quod
789 2232 959 2266 Torrenio
972 2233 1056 2265 satis
1073 2231 1226 2272 arridet;
1250 2240 1318 2263 non
1329 2230 1410 2263 item
1423 2229 1644 2272 Kappio.-9
1667 2229 1766 2262 Leid.

958 2317 1102 2351 NOTAE

335 2381 351 2404 ι’
375 2382 520 2419 Quatuor
545 2381 698 2425 legiones]
722 2383 881 2417 Quatuor
898 2384 1004 2416 millia

294 2433 430 2474 Florus,
453 2444 514 2466 sex
538 2435 759 2475 Plutarchus,
794 2439 874 2468 octo
904 2435 1001 2477 Epit.

293 2484 449 2525 Liviana,
466 2495 588 2517 novem
605 2484 766 2518 Aurelius
782 2486 917 2519 Victor.
959 2486 1003 2518 Iu

294 2535 390 2568 circo
415 2536 565 2568 maximo
593 2536 720 2568 factam
750 2537 840 2569 hanc
871 2536 1003 2570 caedem

295 2586 403 2619 tradit
417 2586 639 2628 Plutarchus,
662 2588 741 2619 dnm
766 2588 861 2630 Sylla
875 2588 910 2621 in
927 2588 1002 2621 aede

295 2637 452 2670 Benonae
468 2638 635 2670 Senatum
649 2637 808 2671 haberet.

339 2687 359 2706 *
380 2687 449 2721 An.
465 2689 515 2721 M.
531 2691 627 2721 39⁷2.
667 2688 724 2721 Ol.
750 2692 824 2723 174.
846 2693 879 2723 3.
915 2689 1002 2722 Urb.

297 2738 338 2770 C.
357 2741 434 2771 671.
472 2738 558 2771 Ant.
573 2739 640 2780 Cli.
657 2741 710 2772 81.

1101 2387 1115 2405 ⁰
1156 2382 1303 2425 Quinque
1343 2382 1445 2415 millia
1480 2377 1768 2420 Proenestinorum]

1057 2435 1248 2477 Postquam
1275 2434 1461 2467 Lucretius
1481 2432 1595 2465 Mario
1626 2430 1766 2473 juniore

1056 2490 1193 2519 mortuo
1208 2487 1273 2518 hac
1283 2486 1366 2518 urbe
1375 2485 1505 2526 potitus
1517 2486 1584 2523 est,
1596 2482 1680 2514 illuc
1691 2481 1770 2523 Syl-

1056 2538 1093 2570 la
1106 2547 1142 2569 se
1157 2537 1323 2569 contulit:
1343 2535 1490 2577 primum
1506 2543 1611 2566 causa
1626 2532 1767 2576 cognita

1058 2587 1305 2620 animadvertit
1344 2587 1379 2618 in
1419 2585 1590 2627 singu10s3
1630 2583 1767 2622 deinde,

1057 2638 1155 2681 quasi
1171 2648 1238 2670 nou
1256 2642 1408 2680 vacaret,
1431 2637 1525 2669 cives
1547 2645 1618 2669 uno
1640 2635 1676 2668 in
1689 2635 1767 2667 loco

1057 2693 1256 2722 contractos
1270 2689 1312 2721 ad
1327 2688 1509 2723 duodecim
1525 2688 1633 2721 millia
1644 2685 1767 2720 confici

984 2763 987 2766 -
1053 2740 1172 2782 jussit.
1195 2739 1290 2772 Plut.
