1878 3132
372 209 481 240 cAr.
506 205 594 239 vn.
628 205 693 238 DE
726 201 1080 237 'rss'rAMEN'rls
1114 203 1380 237 Rssclssis.
1530 191 1620 236 723

140 306 443 351 arctissimum
492 306 606 349 inter
653 303 861 347 homines
901 300 1227 359 procreationis
1272 299 1501 344 vinculum
1539 313 1620 358 pa-

141 376 221 419 tris
267 375 403 418 simul
449 374 725 418 voluntatem
773 378 819 416 et
860 369 1080 428 principis
1129 370 1258 413 viri¹²
1312 370 1621 414 auctoritatem

140 444 411 501 superavit·

197 513 241 557 3.
273 513 325 557 C.
347 515 494 556 autem
523 509 777 554 Tettium¹³
822 507 1041 552 infantem
1068 521 1096 551 a
1114 510 1239 565 patre
1268 507 1621 559 exhaeredatum,

140 581 355 626 Petronia
374 585 532 633 matre,
547 593 684 637 quam
699 579 900 631 Tettius,
916 577 1069 634 quoad
1089 577 1220 629 vixit,
1233 577 1279 620 in
1295 577 1575 620 matrimonio
1592 580 1626 607 ¹4

141 652 378 702 habuerat,
408 653 584 701 natum,
618 649 764 692 Divus
800 647 1038 704 Augustus
1080 648 1152 690 ‘iu
1187 647 1310 690 bona
1343 650 1531 703 paterna
1563 645 1625 687 ire

142 721 327 764 decreto
348 733 433 762 suo
450 717 462 735 '
486 719 630 776 jussit
643 732 672 773 ς*
703 717 846 774 patris
868 717 1030 774 patriae
1062 717 1214 759 animo
1245 729 1379 760 usus:
1411 714 1626 772 quoniam

142 789 324 833 Tettius
353 790 402 831 iu
432 788 621 844 proprio
652 787 755 845 jure
786 789 1023 844 procreato
1053 785 1148 828 filio
1162 789 1195 816 ¹⁵
1226 798 1400 829 summa
1420 798 1523 828 cum
1543 784 1629 826 ini-

143 859 319 916 quitate
339 861 572 914 paternum
591 869 754 899 nomen
778 856 1086 910 abrogaverat.

201 929 245 970 4.
275 927 477 984 Septicia
498 939 691 983 quoque,
726 929 869 968 mater
903 924 1228 968 Trachalorum
1260 922 1629 973 Ariminensium,

143 995 253 1040 filiis
284 996 415 1049 irata,
450 996 499 1039 in
535 995 859 1039 contumeliam
893 1007 1061 1046 eorum,
1099 1007 1202 1036 cum
1230 993 1330 1050 jam
1349 1005 1502 1050 parere
1540 1004 1629 1034 non

144 1069 317 1120 posset,
349 1065 558 1108 Publicio
594 1064 692 1107 seni
724 1063 971 1107 admodum
996 1063 1163 1119 nupsit,
1198 1066 1461 1106 testamento
1493 1062 1630 1104 etiam

145 1137 338 1191 utroque
359 1133 644 1190 praeterito.¹⁶
702 1132 747 1177 A
767 1133 933 1190 quibus
954 1132 1107 1176 aditus
1130 1132 1279 1176 Divus
1305 1131 1558 1187 Augustus,
1587 1133 1631 1173 et

146 1205 327 1259 nuptias
367 1203 584 1255 mulieris,
617 1206 663 1245 et
698 1215 910 1258 suprema
935 1200 1110 1258 judicia
1144 1201 1430 1258 improbavit.
1506 1200 1629 1244 Nam

146 1272 454 1315 haereditatem
467 1276 714 1316 maternam
729 1271 850 1315 filios
862 1271 1028 1315 habere
1041 1270 1185 1327 jussit
1199 1286 1209 1315 :
1238 1271 1407 1322 dotem,
1421 1271 1528 1327 quia
1540 1283 1631 1311 non

149 1341 446 1385 creandorum
465 1346 498 1373 ¹⁷
541 1341 785 1384 liberorum
820 1353 964 1383 causa
1001 1340 1261 1396 conjugium
1302 1340 1633 1390 intercesserat,

148 1410 293 1454 virum
314 1411 502 1453 retinere
524 1410 679 1454 vetuit.
741 1409 792 1452 Si
822 1409 928 1465 ipsa
959 1408 1158 1465 aequitas
1193 1408 1280 1451 hac
1301 1408 1356 1450 de
1375 1421 1422 1451 re
1442 1421 1632 1463 cognos-

150 1482 283 1531 ceret,
312 1484 524 1535 possetne
542 1478 574 1503 ¹⁸
597 1478 769 1535 justius
786 1480 865 1520 aut
883 1477 1067 1532 gravius
1095 1477 1415 1532 pronuntiare?
1447 1476 1636 1532 Spernis

151 1561 271 1604 quos
293 1547 518 1604 genuisti:
549 1548 684 1591 nubis
704 1547 883 1591 effoeta÷
926 1545 1183 1590 testamenti
1209 1545 1410 1589 ordinem
1437 1545 1635 1589 violento

151 1617 300 1660 animo
334 1616 595 1660 confundis:
640 1629 785 1673 neque
814 1615 1043 1658 erubescis
1072 1615 1116 1658 ei
1140 1619 1287 1658 totum
1318 1614 1635 1671 patrimonium

153 1685 380 1739 addicere,
401 1685 534 1740 qu'us
554 1685 773 1742 pollincto
789 1691 821 1719 ¹9
834 1691 849 1708 ⁰
887 1684 986 1741 jam
1007 1686 1186 1741 corpori
1213 1684 1459 1727 marcidam
1482 1697 1637 1727 senec-

775 1804 792 1816 0
796 1803 1017 1818 OOO‘OOOOOOO

154 1872 280 1915 Ultraj.
295 1874 328 1904 2.
343 1875 381 1904 et
397 1871 497 1906 Leid.
520 1876 554 1906 6.
579 1873 796 1915 aliquantum.-
821 1873 950 1916 Copes.
964 1872 1203 1913 juvabat.—12
1227 1871 1338 1905 Codd.
1356 1870 1541 1905 duodecim
1555 1870 1639 1902 Tor-

152 1925 228 1948 ren.
251 1922 288 1948 et
302 1916 386 1949 Vet.
407 1915 574 1949 omittunt
588 1917 664 1959 viri,
686 1927 763 1960 quae
789 1927 855 1950 vox
877 1917 1017 1949 demum
1034 1926 1054 1948 a
1070 1916 1198 1958 Pighio
1213 1913 1281 1948 fuit
1296 1915 1538 1959 adjectae-13
1564 1914 1639 1947 Tec-

153 1963 223 1992 tum
237 1959 317 1992 edd.
340 1963 423 1992 aute
438 1959 622 2001 Pighium3
649 1961 793 1994 Tectium
808 1961 843 1993 in
859 1961 1036 2004 plerisque
1052 1960 1154 1993 codd.
1170 1960 1316 1993 Torren.
1351 1959 1495 1992 Tertium
1510 1959 1637 2000 Copes.

153 2012 174 2035 a
190 2013 235 2035 m.
250 2012 323 2036 sec.
369 2003 456 2035 Mox
474 2003 555 2036 Gaia
572 2004 725 2037 Petronia
747 2004 780 2037 in
804 2005 920 2037 Bitnr.
938 2004 980 2037 G.
998 2004 1154 2037 Petronia
1177 2004 1210 2036 in
1228 2003 1328 2036 Leid.
1344 2006 1468 2036 6.-14
1491 2003 1584 2036 Dan.
1601 2005 1638 2033 et

154 2050 303 2089 quatuor
328 2045 429 2078 codd.
452 2047 488 2079 in
514 2047 772 2086 matrimonium,-
796 2049 943 2081 Torren.
965 2057 1083 2080 errore
1104 2047 1360 2090 typographico
1376 2047 1410 2079 in
1424 2045 1640 2079 matronim—

156 2093 197 2122 16
220 2089 406 2122 'ron-euius
422 2089 626 2132 distinguit:
650 2091 685 2123 iu
697 2093 839 2134 proprio,
852 2091 931 2132 jure
942 2094 1120 2134 procreato,
1130 2091 1218 2133 filio.
1263 2091 1350 2124 Mox
1371 2091 1382 2108 ‘
1395 2090 1478 2123 Vet.
1494 2090 1586 2122 sicut
1602 2092 1639 2121 et

156 2133 295 2175 Lipsius
312 2133 495 2166 annotavit
506 2133 711 2176 Ju²·gaverat‚
727 2135 819 2167 unde
843 2135 931 2177 legit
956 2135 1157 2175 eiuraverat:
1178 2134 1267 2167 Dan.
1296 2135 1519 2176 abjuraverat:
1543 2132 1638 2165 Med.

156 2177 258 2218 prim.
280 2180 499 2217 arrogaverat.
556 2178 674 2210 Ceteri
705 2188 824 2211 omnes
851 2178 1073 2220 abrogaverat,
1096 2178 1187 2221 quod
1218 2177 1421 2211 mutandum
1451 2187 1518 2210 nou
1548 2181 1638 2209 erat.

155 2220 284 2252 Sensus
300 2220 391 2252 enim
408 2223 483 2252 est:
498 2220 651 2253 Tettium
670 2227 804 2263 patrem
818 2220 892 2254 filio
907 2231 969 2254 suo
985 2231 1054 2254 non
1070 2221 1271 2263 permisisse
1286 2225 1325 2254 ut
1340 2221 1578 2254 nominaretur
1595 2219 1640 2251 ab

155 2264 216 2296 illo
233 2263 347 2305 pater!
370 2263 579 2305 Kapp.——16
601 2264 746 2306 Pighius
771 2275 791 2299 e
819 2270 890 2297 vet.
917 2265 995 2297 cod.
1028 2268 1194 2307 utrumque
1214 2265 1374 2307 preteriit
1382 2275 1397 2304 ;
1429 2264 1491 2297 sed
1518 2273 1638 2297 omues

156 2307 215 2339 alii
231 2306 336 2340 codd.
359 2310 494 2349 utroque
511 2308 776 2348 preterita—17
804 2308 951 2342 Colerus
979 2312 1016 2341 et
1042 2309 1100 2342 alii
1127 2310 1375 2352 quer-emiorum,
1398 2313 1438 2342 ut
1465 2309 1500 2340 in
1530 2316 1639 2348 marg.

156 2350 293 2383 notavit
311 2350 476 2392 Pighius3
495 2353 759 2392 procreandorum
783 2352 910 2395 Copes.
931 2353 1139 2385 creandorum
1162 2353 1245 2386 Vet.
1271 2353 1332 2386 Mo
1359 2374 1367 2384 .
1392 2352 1536 2385 Venett.
1563 2351 1641 2382 Me-

155 2393 240 2427 diol.
264 2393 368 2426 Aldd.
403 2393 515 2445 Coliu.
546 2393 684 2437 Gryph.
714 2395 839 2439 Steph.
869 2401 907 2429 et
937 2394 1041 2429 codd.
1063 2396 1300 2430 'Fortem—18
1334 2362 1393 2429 {ta
1421 2394 1566 2437 Pighius
1597 2403 1640 2426 ex

158 2436 289 2471 Canen.
313 2437 323 2455 ‘
338 2437 444 2470 Mum
460 2441 574 2470 autem
591 2439 679 2471 Mss.
693 2449 772 2472 cum
787 2440 870 2473 Vet.
887 2440 1009 2482 legunt
1021 2449 1207 2482 cog-noscere
1226 2440 1429 2482 potuissetne.
1474 2439 1561 2471 Mox
1578 2447 1640 2479 pro

154 2481 287 2531 gravi&
304 2481 384 2513 Vet.
400 2490 479 2513 cum
496 2481 659 2514 undecim
677 2482 761 2517 Mss.
775 2484 932 2516 Torreuii
958 2484 1103 2526 aliisque
1125 2484 1268 2525 gratius,
1289 2493 1415 2525 nempe
1433 2481 1511 2514 finis
1527 2481 1642 2523 Septi-

159 2533 235 2556 crae.
282 2525 324 2556 In
341 2525 517 2568 plerisque
578 2526 787 2567 onunct‘aret5
811 2526 942 2561 Medic.
958 2530 991 2560 2.
1013 2527 1263 2570 pronunciasset.
1307 2527 1419 2560 Panlo
1446 2530 1526 2568 post
1548 2525 1641 2556 inter

158 2566 289 2608 δρα-πίε
313 2573 350 2600 et
371 2578 445 2610 quos
464 2568 521 2611 qui
548 2579 601 2601 am
618 2570 705 2604 Mss.
720 2570 906 2604 intrudunt
919 2571 1036 2614 inquit.
1081 2571 1288 2613 Perper-am,
1311 2579 1459 2613 namque
1475 2578 1542 2601 non
1560 2574 1640 2600 sunt

161 2610 266 2642 verba
287 2610 448 2654 Augusti,
470 2611 531 2645 sed
547 2612 702 2647 Valerii:
725 2614 924 2658 Kapp.—l9
948 2616 957 2633 ‘
975 2615 1032 2648 Ita
1056 2619 1154 2647 recte
1170 2614 1314 2657 Pighius
1330 2624 1373 2646 ex
1389 2614 1522 2656 aliquot
1538 2611 1641 2645 codd.

827 2702 971 2736 NOTAE

206 2760 223 2779 *
240 2759 308 2793 An.
324 2761 376 2793 M.
392 2765 489 2796 3998.
513 2763 571 2799 01.
588 2768 707 2800 181.1.
731 2767 820 2802 Urb.
833 2768 872 2801 C.
972 2772 986 2803 †
1006 2766 1072 2799 An.
1089 2767 1140 2800 Μ.
1157 2769 1256 2801 4082.
1281 2767 1339 2801 01.
1358 2769 1431 2799 189.
1445 2768 1477 2799 ³.
1499 2764 1584 2798 Urb.
1603 2764 1642 2797 C.

162 2815 236 2845 697.
252 2812 334 2846 Ant.
354 2813 415 2847 Ch.
431 2818 483 2848 55.
928 2822 1003 2852 731.
1027 2818 1109 2852 Ant.
1126 2819 1187 2853 Ch.
1204 2822 1260 2852 21.
