1878 3132
267 163 354 207 726
660 173 870 206 vAnsRu
905 175 1100 208 ΜΑΧιΜι
1135 178 1231 210 ms.
1264 178 1351 210 vu.

851 369 992 414 GAP.
1021 370 1163 415 VIII.

326 508 412 552 DE
443 506 636 552 RATIS
667 507 1121 552 TESTAMENTIS
1153 506 1235 550 ET
1265 508 1672 554 INSPERATIS.
1728 487 1734 491 μ

290 648 307 678 l
331 644 524 688 Sempronii
538 643 718 678 Tuditani.
1053 646 1074 676 6
1095 643 1134 677 T.
1151 643 1270 677 Marii.

289 692 310 721 2
333 689 499 722 AEbuciae.
1052 689 1071 719 7
1095 687 1135 719 1..
1148 688 1278 720 Valerii
1293 687 1549 731 Heptachordi.

289 735 309 764 3
334 733 378 767 Q.
394 731 543 765 Metelli.
1052 733 1073 763 8
1096 731 1134 762 Τ.
1152 731 1301 764 Barruli.

289 778 311 808 4
333 775 464 808 Fratris
480 773 640 818 Pompeii
656 773 817 817 Rhegini.
1052 775 1074 806 9
1096 774 1148 806 Μ.
1169 774 1308 817 Popilii.

291 823 311 851 5
336 820 381 853 Q.
400 819 542 852 caeciiii.

327 931 426 974 HIS
446 932 739 975 rescissorum
760 934 1125 974 testamentorum
1133 931 1369 985 ‚exemplis
1389 931 1588 974 contenti
1609 931 1743 974 attin-

270 1013 425 1055 gamus
442 1014 512 1053 ea,
534 1013 637 1056 quae
656 1005 751 1044 rata
771 1005 1046 1053 manserunt,
1069 1013 1171 1043 cum
1191 1012 1356 1043 causas
1375 999 1588 1044 haberent
1603 1012 1742 1056 prop-

266 1077 336 1116 ter
355 1081 469 1125 quas
488 1067 682 1111 rescindi
699 1071 904 1123 possent.

327 1138 368 1180 l.
400 1137 554 1191 Quam
573 1141 725 1189 certae,
745 1149 880 1192 quam
899 1137 1033 1180 etiam
1053 1141 1173 1180 notae
1189 1136 1376 1179 insaniae
1389 1141 1407 1160 ⁸
1434 1135 1687 1181 Tuditanus
1700 1149 1714 1191 3
1727 1135 1746 1161 ¹'

270 1210 426 1262 utpote
445 1206 525 1262 qui
556 1206 728 1262 populo
749 1218 952 1248 nummos
991 1204 1217 1261 sparserit,
1239 1210 1478 1260 togamque
1498 1204 1627 1248 velut
1655 1208 1744 1248 tra-

271 1276 415 1330 gicam
434 1279 605 1327 vestem
623 1275 668 1317 in
686 1275 785 1318 foro
806 1274 998 1326 trahens,
1017 1273 1218 1316 maximo
1247 1286 1350 1316 cum
1379 1273 1607 1317 hominum
1635 1273 1744 1325 risu,

272 1349 547 1399 conspectus
567 1343 710 1395 fuerit,
730 1357 786 1386 ac
817 1342 959 1385 multa
978 1342 1051 1385 his
1087 1345 1386 1385 consentanea
1419 1341 1585 1384 fecerit.
1632 1341 1745 1384 Tes-

271 1417 467 1456 tamento
492 1412 631 1456 filium
647 1418 659 1437 ¹
678 1418 694 1437 ⁰
716 1412 912 1455 instituit
928 1412 1171 1454 haeredem:
1194 1411 1316 1467 quod
1335 1411 1408 1454 Ti.
1421 1410 1622 1466 Longus,
1640 1422 1743 1453 san-

886 1528 944 1540 ”O
947 1527 1129 1541 ‘OO‘W‘

320 1611 338 1640 1
361 1606 371 1625 ‘
388 1606 503 1640 Ausus
524 1615 600 1639 sum
619 1605 709 1638 hanc
725 1604 922 1644 lectionem,
943 1613 1018 1645 quae
1035 1603 1068 1635 in
1083 1603 1185 1635 editt.
1204 1607 1289 1636 vett.
1306 1607 1342 1636 et
1357 1603 1512 1636 omnibus
1526 1599 1613 1636 Mas.
1634 1600 1747 1645 extat,

273 1651 356 1694 (nisi
372 1651 464 1693 quod
479 1650 515 1682 in
531 1649 734 1693 quibusdam
749 1648 849 1681 editt.
876 1647 1073 1679 Testamenta
1095 1646 1125 1678 is
1135 1647 1247 1690 filium
1261 1646 1406 1688 legitur)
1422 1656 1599 1688 revocare,
1612 1647 1649 1679 e't
1664 1652 1746 1680 con·

269 1696 446 1737 jecturam
471 1693 580 1736 Lipsii
592 1693 789 1725 Testamento
806 1691 950 1734 Ofilium,
972 1699 1073 1732 quam
1090 1690 1247 1730 coleras,
1269 1690 1446 1730 Vorstius,
1461 1694 1498 1723 et
1510 1690 1693 1723 Torrenius
1708 1691 1746 1723 in

276 1742 414 1771 textum
435 1740 654 1779 receperant,
676 1735 898 1777 Ruertusque
920 1733 1139 1775 probaverat,
1161 1733 1285 1766 iterum
1317 1734 1393 1766 loco
1417 1743 1479 1766 sno
1498 1743 1646 1766 movere.
1688 1733 1748 1766 In-

277 1782 420 1824 geniosa
444 1779 584 1824 quidem
606 1784 662 1812 est
686 1778 796 1821 Lipsii
821 1777 1035 1819 conjectura,
1055 1786 1121 1808 nec
1145 1786 1269 1809 nomen
1293 1777 1385 1821 Ofilii
1405 1777 1571 1819 ignotum.
1615 1775 1665 1809 At
1687 1777 1746 1820 qni

249 1859 252 1863 ,
276 1824 495 1858 Perizonium
509 1823 552 1855 sd
567 1823 602 1856 11.
617 1823 642 1855 1.
658 1827 695 1855 et
710 1823 745 1854 in
761 1821 856 1854 Diss.
871 1820 915 1852 de
937 1821 1015 1861 lege
1031 1820 1186 1852 Voconia
1211 1820 1350 1861 legerit,
1372 1820 1400 1851 is
1426 1824 1522 1852 certe
1540 1820 1583 1852 de
1598 1819 1747 1853 veritate

277 1867 440 1901 lectionis
455 1867 567 1910 filium
586 1866 644 1898 vix
664 1863 891 1903 dubitaverit,
915 1867 950 1896 et
968 1863 1112 1906 Ofilium,
1135 1863 1179 1895 de
1195 1872 1263 1905 quo
1279 1873 1346 1896 non
1361 1863 1527 1905 cogitavit
1540 1862 1750 1905 Tuditanus,

276 1912 350 1944 sine
373 1911 592 1943 haesitatione
618 1908 777 1952 ejecerit.
821 1907 1024 1947 Tuditanus,
1047 1911 1165 1939 cetera
1195 1907 1342 1947 insanus,
1364 1906 1399 1938 in
1427 1906 1609 1939 condendo
1638 1908 1747 1940 testa-

279 1959 397 1988 mento
412 1954 498 1987 nihil
518 1962 581 1996 pro
597 1953 702 1986 solita
716 1951 867 1985 stultitia
881 1950 964 1993 egit.
1010 1949 1103 1983 Hinc
1119 1950 1321 1983 centumviri
1337 1949 1445 1991 magis
1459 1948 1749 1983 considerandum

278 1999 579 2036 existimaverunt,
601 1997 677 2039 quid
690 1995 859 2038 scriptum
874 1998 968 2027 esset
982 1993 1017 2026 in
1033 1993 1172 2035 tabulis,
1196 2003 1296 2035 quam
1312 1994 1382 2036 quis
1395 2002 1452 2026 eas
1469 1993 1673 2036 scripsisset.
1703 1993 1748 2026 In

277 2041 418 2074 haerede
443 2040 687 2074 constituendo
709 2049 794 2081 ergo
813 2038 898 2071 nihil
920 2037 1081 2080 peccavit
1099 2037 1306 2070 Tuditanus.
1352 2037 1430 2069 Nec
1443 2036 1604 2069 Valerius
1628 2040 1749 2069 notter

277 2085 477 2127 improbare
502 2084 640 2117 videtur
668 2081 832 2116 Tuditani
861 2086 1119 2121 testamentum,
1140 2085 1179 2112 ut
1204 2090 1248 2112 ex
1282 2080 1401 2122 primis
1423 2079 1539 2112 verbis
1573 2079 1749 2122 sequentis

279 2127 432 2170 exempli
457 2133 627 2170 appan-eu
649 2127 698 2159 ibi
725 2126 815 2158 enim
842 2124 988 2167 opponit
1015 2124 1106 2157 inter
1132 2133 1169 2155 se
1195 2125 1368 2156 dementem
1390 2122 1554 2155 Tuditani
1576 2124 1688 2164 mum,
1710 2127 1749 2156 et

280 2172 434 2204 AEbuciae
454 2170 578 2204 tabulas
591 2170 774 2203 testamenti
791 2169 898 2211 plenus
910 2168 1046 2206 furoris.
1091 2167 1181 2199 Haec
1212 2172 1326 2199 tamen
1342 2167 1486 2199 alteram
1511 2158 1616 2199 fiunti:
1640 2165 1749 2199 baere·

280 2215 360 2247 dem
376 2214 590 2256 scripserat:
609 2213 704 2255 quid,
727 2217 899 2255 putamus,
919 2211 1094 2243 Valerium
1120 2211 1165 2242 de
1179 2210 1356 2243 Tuditano
1380 2210 1552 2242 dicturum
1577 2208 1697 2251 fuisse,
1718 2209 1749 2242 si

280 2268 350 2291 non
363 2257 474 2302 filium
489 2257 550 2290 sed
567 2257 710 2300 Ofilium,
733 2256 903 2288 hominem
926 2254 1088 2293 alienum,
1109 2254 1283 2286 haeredem
1308 2253 1500 2295 scripsisset
1523 2257 1562 2285 et
1584 2252 1749 2295 sanguine

282 2301 348 2334 sibi
374 2301 548 2344 proximos
577 2298 858 2332 exhaeredasset?
916 2297 980 2337 At,
1013 2297 1137 2339 inquis,
1167 2296 1195 2328 si
1222 2296 1411 2329 Tuditanus
1437 2295 1547 2338 filium
1573 2295 1749 2331 haeredem

281 2345 436 2387 scripsit,
458 2354 532 2384 cur,
557 2352 686 2385 quaeso,
705 2342 782 2374 Tib.
795 2342 935 2382 Longus
949 2345 1191 2373 testamentum
1206 2344 1367 2371 evertere
1382 2340 1504 2379 voluit,
1527 2348 1606 2371 cum
1631 2344 1748 2372 tamen

283 2388 372 2421 scire
386 2387 549 2428 debebat,
571 2385 810 2418 haereditatem
838 2384 881 2416 ad
908 2394 945 2416 se
970 2383 1152 2425 pervenire
1177 2392 1244 2414 non
1272 2382 1395 2424 posse?
1441 2378 1646 2424 Respondeo
1669 2389 1749 2414 cum

282 2431 488 2464 Perizonio:
513 2433 574 2463 aut
588 2429 695 2461 iratus
709 2427 777 2460 fuit
792 2427 931 2467 homini,
954 2432 1014 2458 aut
1029 2427 1103 2468 ipse
1119 2427 1267 2467 legatum
1284 2429 1547 2467 expectaverat,
1570 2427 1631 2458 ant
1654 2424 1748 2457 aliud

282 2475 455 2518 antiquius
470 2477 715 2507 testamentum
730 2480 793 2513 pro
809 2479 846 2502 se
859 2470 1025 2501 habebat.
1072 2470 1196 2510 Neque
1213 2472 1457 2501 testamentum
1477 2467 1674 2500 rescindere
1691 2477 1748 2500 vo-

283 2518 349 2551 luit
373 2518 455 2551 Tib.
479 2518 629 2560 Longus,
651 2515 732 2559 quia
754 2513 919 2556 sanguine
936 2513 1110 2554 proximus
1125 2512 1206 2554 fnit,
1226 2512 1286 2544 sed
1304 2513 1381 2554 quia
1394 2510 1584 2544 Tuditanus
1599 2509 1750 2544 furiosus

942 2599 1088 2633 NOTAE

327 2686 343 2702 ⁸
360 2681 455 2712 Notae
481 2677 632 2719 insanire]
667 2677 809 2709 Furioso
837 2676 929 2709 enim
953 2679 990 2708 et
1043 2676 1101 2718 qui
1117 2685 1199 2707 avus
1215 2674 1282 2706 fuit
1300 2675 1428 2706 Fulviae
1445 2674 1560 2707 uxoris
1575 2675 1624 2708 M.
1640 2655 1749 2708 Anto.-

286 2734 404 2765 insano
420 2730 541 2763 testari
556 2738 625 2761 non
639 2728 781 2761 licebat.
1043 2726 1102 2758 nii.

329 2781 344 2803 b
362 2780 550 2822 Tuditanus]
576 2780 628 2813 Ex
646 2784 748 2821 gente
774 2778 991 2821 Sempronia,
1086 2781 1100 2798 ⁰
1116 2776 1251 2817 filium]
1288 2776 1324 2808 Si
1348 2775 1454 2808 filium
1476 2775 1595 2808 habuit
1609 2776 1750 2809 Tudita-
