1878 3132
638 194 746 225 CAP.
771 192 824 223 ιι.
858 192 922 223 nn
955 190 1157 222 canus.
1554 182 1643 224 525

131 334 135 340 .
160 294 303 338 Samii
333 293 590 344 delectatus,
611 290 855 335 curiosiore
886 287 1269 344 contemplatione
1299 289 1425 341 fecit,
1445 294 1496 332 ut
1524 289 1642 334 ultro

159 364 264 415 sibi,
294 368 340 406 et
371 362 551 419 quidem
586 374 614 404 a
641 358 825 416 cupido,
850 358 1041 401 daretur.
1103 356 1244 413 Cujus
1276 359 1472 401 muneris
1506 373 1644 415 quam

158 437 282 488 grata
312 431 554 476 aestimatio
582 430 733 473 animo
766 427 867 483 ejus
902 431 1024 469 esset
1054 425 1249 480 allapsa,
1269 438 1405 480 regno
1438 429 1645 482 potitus¹¹

159 501 381 553 ostendit;
411 504 555 544 totam
584 510 778 553 namque
806 497 963 544 urbem
992 500 1038 538 et
1064 495 1260 537 insulam
1282 495 1538 538 Samiorum
1560 497 1645 552 Sy-

158 570 324 614 losonti
344 569 573 612 fruendam
595 567 810 611 tradidit.‡
873 565 981 609 Non
1000 565 1118 607 enim
1147 565 1342 620 pretium
1362 565 1425 607 rei
1447 565 1646 609 aestima-

157 644 272 691 tum,
305 638 386 681 sed
418 638 601 680 occasio
636 635 928 678 liberalitatis
964 638 1035 677 est
1067 633 1313 686 honorata3
1344 634 1577 690 magisque
1617 649 1646 677 a

159 722 250 764 quo
270 708 438 751 donum
458 707 836 763 proficisceretur,
857 718 996 760 quam
1017 703 1075 747 ad
1095 716 1232 760 quem
1258 705 1518 760 perveniret,
1538 720 1645 762 pro-

158 778 319 820 visum.

216 847 258 889 2.
290 846 578 890 Mithridates
614 856 796 900 quoque
835 856 915 886 rex
949 842 1190 897 magnifice
1223 846 1374 897 gratus
1405 844 1643 898 apparuit:

159 916 376 970 quoniam
406 927 491 970 pro
523 913 745 964 Leonico,
774 912 992 954 acerrimo
1025 911 1188 954 salutis
1219 925 1317 954 suae
1348 911 1597 964 defensore,
1619 926 1647 955 a

159 983 383 1026 Rhodiisv
411 983 561 1026 navali
593 994 745 1037 pugna
772 983 984 1035 excepto,
1015 993 1174 1022 omnes
1202 979 1407 1022 hostium
1438 981 1647 1035 captivos

157 1052 459 1108 permutavit3
490 1050 639 1093 satius
659 1062 762 1092 esse
779 1048 1052 1091 existimans
1073 1049 1131 1090 ab
1151 1048 1441 1091 invisissimis
1456 1049 1647 1092 circum-

157 1121 356 1173 veniri‚⁵0
386 1133 522 1176 quam
541 1119 655 1162 bene
675 1117 835 1160 merito
856 1117 1043 1172 gratiam
1063 1130 1154 1159 non
1173 1117 1374 1159 referren-

214 1190 260 1232 3.
292 1189 515 1232 Liberalis
556 1187 756 1243 populus
798 1185 1035 1228 Romanus
1086 1185 1392 1241 magnitudine
1431 1188 1647 1239 muneris,

133 1270 135 1275 ·
159 1257 283 1314 quod
304 1255 464 1300 Attalo
487 1256 617 1311 regi*
647 1253 806 1299 Asiam
828 1254 955 1296 dedit
975 1254 1110 1297 dono.
1172 1254 1265 1298 Sed
1285 1253 1477 1299 Attalus
1506 1257 1648 1300 etiam

159 1326 418 1370 testamenti
456 1325 672 1382 aequitate
712 1328 880 1379 gratus»,
921 1323 1001 1378 qui
1042 1323 1233 1366 eandem
1269 1323 1431 1367 Asiam
1471 1326 1647 1382 populo

159 1395 370 1438 Romano
391 1394 572 1449 legavit.
631 1393 793 1448 Itaque
815 1406 898 1435 nec
918 1392 1054 1448 hujus
1075 1393 1402 1446 munificentia,
1413 1408 1499 1437 nec
1521 1395 1647 1438 illius

158 1468 248 1506 tam
269 1477 440 1506 memor
459 1462 665 1505 beneficii
687 1462 867 1504 animus
890 1467 957 1505 tot
977 1463 1130 1505 verbis
1150 1463 1326 1506 laudari
1345 1468 1518 1519 potest,
1539 1470 1650 1520 quot

159 1532 450 1588 amplissimae
485 1532 700 1575 civitates
736 1531 813 1575 vel
847 1531 991 1574 amice
1009 1537 1042 1562 5¹
1074 1532 1214 1584 datae,
1247 1533 1322 1575 vel
1353 1533 1428 1588 pie
1456 1534 1647 1576 redditae

161 1605 301 1648 sunt.†

216 1670 261 1713 4.
294 1669 505 1713 Ceterum
535 1670 689 1713 nescio
710 1683 769 1713 an
789 1670 1019 1726 praecipue
1053 1670 1316 1714 Masinissae
1348 1671 1467 1725 regis
1487 1675 1649 1728 pectus

1009 1782 1028 1793 ο

157 1856 232 1879 ren.
260 1856 339 1879 cum
370 1847 452 1880 vet.
483 1851 521 1879 et
547 1847 624 1879 aliis
640 1847 720 1880 edd.
738 1852 820 1881 ante
847 1848 952 1891 Pigh.
975 1849 1101 1881 curiosa
1119 1848 1392 1890 contemplatione.
1395 1850 1482 1880 —50
1506 1847 1653 1891 Aliquot

157 1890 260 1924 codd.
276 1891 424 1923 'soi-ren.
436 1891 924 1931 inimicissimiscircurnvenir15
948 1893 1038 1935 quod
1068 1902 1150 1925 vero
1173 1893 1208 1924 in
1235 1892 1316 1925 edd.
1332 1891 1541 1943 quibusdam
1567 1897 1649 1924 ante

157 1934 320 1978 Pigliinm
351 1940 406 1967 est
433 1935 667 1972 invictissimas,
691 1945 760 1968 non
786 1937 901 1968 locum
929 1936 1035 1969 habet
1063 1937 1097 1968 in
1125 1936 1227 1969 codd.
1253 1935 1475 1976 injustissimis
1499 1936 1535 1968 in
1566 1936 1651 1968 Ver

156 1977 320 2010 circumiri
338 1978 431 2010 Dan.
448 1988 534 2010 unus
550 1978 682 2012 Brand.
703 1984 740 2011 et
755 1990 817 2012 sex
833 1981 978 2012 Tou-ren.
1003 1990 1081 2013 cum
1104 1980 1202 2022 Mog.
1225 1979 1453 2012 circumvenire
1466 1984 1548 2012 octo
1563 1980 1649 2012 Tor-

159 2031 234 2054 ren.
255 2022 496 2054 circumscribi
488 2032 522 2054 ιη
538 2023 658 2063 paucis
675 2023 755 2055 edd.
779 2029 815 2055 et
833 2024 1010 2056 nonnullis
1035 2023 1140 2056 codd.
1171 2024 1264 2066 qnod
1286 2024 1420 2055 mavult
1448 2023 1605 2055 Colerus.
1607 2040 1652 2047 --

158 2069 199 2098 51
225 2065 353 2107 copes.
378 2067 427 2098 vel
443 2066 623 2107 am1c0‚8sc
651 2066 816 2099 Nonnulli
828 2077 907 2100 cum
922 2069 1001 2100 Vet.
1013 2068 1141 2100 civitati
1152 2069 1200 2100 vel
1213 2067 1443 2099 amicodatav.
1456 2077 1489 2108 p.
1504 2067 1651 2104 reddita,-

159 2108 301 2151 quidam
317 2119 395 2142 cum
410 2110 510 2151 Mog.
524 2110 675 2142 civitates
691 2121 721 2142 v.
735 2111 892 2144 amicitiae
905 2113 992 2144 ἀπίω
1007 2122 1038 2144 υ.
1057 2112 1177 2154 pietati
1188 2121 1202 2150 ,·
1223 2115 1262 2144 et
1275 2111 1327 2143 sic
1343 2120 1434 2144 corr.
1452 2109 1553 2144 Leid.
1571 2113 1650 2144 ⁷.—

827 2199 972 2232 NOTAE

203 2278 219 2294 ⁸
244 2273 355 2313 Regno
382 2273 520 2315 potitus]
544 2274 734 2317 Postquam
769 2274 877 2308 Arses
933 2278 993 2319 lio,
1014 2277 1242 2310 Mithridates
1265 2276 1395 2309 bellum
1421 2275 1561 2314 intulit;
1587 2273 1649 2307 sed

159 2334 239 2357 cum
259 2324 340 2356 filiis
366 2325 525 2357 omnibus
541 2326 585 2358 ab
615 2326 785 2359 Eunucho
811 2328 876 2360 Ba·
933 2329 976 2361 ab
993 2329 1033 2362 iis
1048 2329 1171 2371 praelio
1185 2329 1300 2361 navali
1315 2333 1503 2370 superatus
1520 2331 1586 2358 est.

158 2386 227 2418 goa
242 2375 398 2408 sublatus
414 2380 478 2419 est,
491 2377 724 2420 codomanus,
737 2378 770 2410 id
785 2380 874 2412 enim
974 2380 994 2399 '⁵
1010 2379 1077 2412 An.
1090 2381 1141 2414 M.
1153 2382 1251 2413 3966.
1274 2379 1334 2413 01.
1352 2382 1427 2412 173.
1446 2382 1478 2411 1.
1502 2377 1589 2410 Urb.
1610 2377 1652 2408 C.

161 2428 309 2460 nominis
340 2428 450 2460 Dario
474 2432 548 2460 tum
580 2433 679 2470 erat;
717 2430 791 2462 sive
829 2431 874 2463 ob
929 2434 1008 2463 665.
1032 2431 1117 2464 Ant.
1135 2431 1198 2464 Ch.
1216 2434 1269 2464 87.

160 2482 328 2523 praeclare
346 2487 445 2523 gesta
472 2482 507 2515 in
524 2482 723 2524 Armenios,
750 2488 788 2518 ut
804 2485 876 2517 vult
976 2488 996 2504 '¹
1018 2483 1132 2516 Attalo
1146 2482 1232 2524 regi]
1250 2483 1356 2515 Errat
1369 2481 1552 2520 Valeri1m3
1582 2489 1648 2512 nec

158 2532 327 2571 Justinus,
361 2533 448 2575 sive,
478 2539 517 2567 ut
548 2535 664 2578 placet
703 2535 875 2576 Diodoro,
932 2535 1023 2568 enim
1043 2534 1175 2577 Attalo,
1189 2534 1250 2567 sed
1266 2534 1413 2567 Eumeni
1437 2532 1530 2564 illius
1556 2532 1649 2574 patri

159 2595 178 2616 a
195 2585 316 2626 Bagoa
332 2585 535 2627 productus,
556 2587 632 2619 Rex
648 2592 785 2621 creatus
800 2592 872 2620 est:
932 2596 1014 2630 pars
1038 2585 1133 2620 Asiae
1157 2596 1176 2618 a
1204 2585 1368 2618 Romanis
1393 2592 1560 2616 concessa
1582 2587 1648 2615 est.

161 2635 212 2669 ita
227 2637 316 2669 enim
335 2636 503 2670 Arrianus
519 2642 556 2671 et
571 2639 614 2672 Q.
626 2639 780 2672 Curtius.
933 2637 1072 2671 Attalus
1088 2639 1146 2671 ille
1159 2647 1279 2680 parum
1292 2646 1386 2669 sanae
1399 2634 1528 2668 mentis
1540 2632 1648 2666 fuisse

206 2692 221 2727 ξ
247 2688 314 2722 An.
328 2690 380 2722 M.
397 2692 497 2723 3716.
536 2690 597 2724 01.
619 2693 694 2725 llo.
717 2693 750 2724 3.
790 2690 877 2725 Urb.
933 2691 1063 2724 dicitur
1079 2701 1099 2723 a
1114 2690 1266 2724 Justino.

162 2739 202 2771 C.
218 2741 295 2772 415.
335 2740 417 2774 Ant.
435 2741 498 2773 Ch.
516 2744 595 2774 3³⁷.
977 2747 991 2776 †
1008 2741 1077 2773 An.
1095 2740 1146 2772 M.
1161 2742 1259 2772 3920.
1283 2738 1342 2772 Ol.
1360 2740 1434 2772 161.
1447 2740 1479 2771 3.
1501 2736 1589 2772 Urb.
1605 2737 1647 2772 C.

206 2794 221 2810 v
244 2791 273 2822 A
293 2791 444 2832 Rhodiis]
477 2792 624 2834 Quibus,
648 2792 742 2825 victo
769 2792 876 2835 Aqui·
931 2795 1009 2825 619.
1036 2791 1120 2824 Ant.
1135 2790 1197 2824 ch.
1215 2793 1288 2823 133.
