<?xml version="1.0" encoding="UTF-8"?>
<!DOCTYPE html PUBLIC "-//W3C//DTD XHTML 1.0 Transitional//EN"
    "http://www.w3.org/TR/xhtml1/DTD/xhtml1-transitional.dtd">
<html xmlns="http://www.w3.org/1999/xhtml" xml:lang="en" lang="en">
 <head>
  <title>
</title>
<meta http-equiv="Content-Type" content="text/html;charset=utf-8" />
  <meta name='ocr-system' content='tesseract 3.04.00' />
  <meta name='ocr-capabilities' content='ocr_page ocr_carea ocr_par ocr_line ocrx_word'/>
</head>
<body>
  <div class='ocr_page' id='page_1' title='image "./factorumdictorum02valeuoft_0309.png"; bbox 0 0 1878 3132; ppageno 0'>
   <div class='ocr_carea' id='block_1_1' title="bbox 1539 154 1627 202">
    <p class='ocr_par' dir='ltr' id='par_1_1' title="bbox 1539 154 1627 202">
     <span class='ocr_line' id='line_1_1' title="bbox 1539 154 1627 202; baseline 0 0"><span class='ocrx_word' id='word_1_1' title='bbox 1539 154 1627 202; x_wconf 84' lang='lat'><strong>765</strong></span> 
     </span>
    </p>
   </div>
   <div class='ocr_carea' id='block_1_2' title="bbox 144 268 1630 1084">
    <p class='ocr_par' dir='ltr' id='par_1_2' title="bbox 144 268 1630 1084">
     <span class='ocr_line' id='line_1_2' title="bbox 147 268 1623 327; baseline -0.001 -13"><span class='ocrx_word' id='word_1_2' title='bbox 147 274 199 315; x_wconf 83' lang='lat' dir='ltr'><strong>ta</strong></span> <span class='ocrx_word' id='word_1_3' title='bbox 221 270 390 327; x_wconf 86' lang='lat' dir='ltr'><strong>pariter</strong></span> <span class='ocrx_word' id='word_1_4' title='bbox 403 275 436 302; x_wconf 91' lang='lat'><strong>¹⁷</strong></span> <span class='ocrx_word' id='word_1_5' title='bbox 466 273 511 314; x_wconf 89' lang='lat' dir='ltr'><strong>et</strong></span> <span class='ocrx_word' id='word_1_6' title='bbox 535 271 682 313; x_wconf 90' lang='lat' dir='ltr'><strong>omnis</strong></span> <span class='ocrx_word' id='word_1_7' title='bbox 713 270 958 312; x_wconf 79' lang='lat' dir='ltr'><strong>honestatis</strong></span> <span class='ocrx_word' id='word_1_8' title='bbox 992 268 1291 324; x_wconf 69' lang='lat' dir='ltr'><strong>percipiendae</strong></span> <span class='ocrx_word' id='word_1_9' title='bbox 1325 268 1623 324; x_wconf 84' lang='lat' dir='ltr'>cupiditatem</span> 
     </span>
     <span class='ocr_line' id='line_1_3' title="bbox 147 337 1626 396; baseline -0.002 -13"><span class='ocrx_word' id='word_1_10' title='bbox 147 340 378 395; x_wconf 85' lang='lat' dir='ltr'><strong>ingressus</strong></span> <span class='ocrx_word' id='word_1_11' title='bbox 396 338 528 396; x_wconf 88' lang='lat' dir='ltr'>(nihil</span> <span class='ocrx_word' id='word_1_12' title='bbox 549 340 667 382; x_wconf 87' lang='lat' dir='ltr'><strong>enim</strong></span> <span class='ocrx_word' id='word_1_13' title='bbox 687 338 810 394; x_wconf 89' lang='lat' dir='ltr'><strong>quod</strong></span> <span class='ocrx_word' id='word_1_14' title='bbox 831 337 890 380; x_wconf 86' lang='lat' dir='ltr'><strong>ad</strong></span> <span class='ocrx_word' id='word_1_15' title='bbox 910 337 1115 380; x_wconf 91' lang='lat' dir='ltr'><strong>ultimum</strong></span> <span class='ocrx_word' id='word_1_16' title='bbox 1141 338 1214 379; x_wconf 91' lang='lat' dir='ltr'><strong>sui</strong></span> <span class='ocrx_word' id='word_1_17' title='bbox 1235 338 1368 380; x_wconf 91' lang='lat' dir='ltr'><strong>finem</strong></span> <span class='ocrx_word' id='word_1_18' title='bbox 1388 343 1626 393; x_wconf 88' lang='lat' dir='ltr'><strong>perventu-</strong></span> 
     </span>
     <span class='ocr_line' id='line_1_4' title="bbox 146 404 1624 463; baseline -0.001 -12"><span class='ocrx_word' id='word_1_19' title='bbox 146 421 244 452; x_wconf 86' lang='lat' dir='ltr'><strong>rum</strong></span> <span class='ocrx_word' id='word_1_20' title='bbox 269 413 354 461; x_wconf 89' lang='lat' dir='ltr'><strong>est,</strong></span> <span class='ocrx_word' id='word_1_21' title='bbox 381 422 469 451; x_wconf 89' lang='lat' dir='ltr'><strong>non</strong></span> <span class='ocrx_word' id='word_1_22' title='bbox 497 414 544 452; x_wconf 86' lang='lat' dir='ltr'><strong>et</strong></span> <span class='ocrx_word' id='word_1_23' title='bbox 571 407 788 451; x_wconf 82' lang='lat' dir='ltr'><strong>mature¹⁸</strong></span> <span class='ocrx_word' id='word_1_24' title='bbox 819 412 866 451; x_wconf 91' lang='lat' dir='ltr'><strong>et</strong></span> <span class='ocrx_word' id='word_1_25' title='bbox 899 406 1101 450; x_wconf 83' lang='lat' dir='ltr'><strong>celeriter</strong></span> <span class='ocrx_word' id='word_1_26' title='bbox 1138 404 1357 462; x_wconf 84' lang='lat' dir='ltr'><strong>incipits)</strong></span> <span class='ocrx_word' id='word_1_27' title='bbox 1376 407 1624 463; x_wconf 88' lang='lat' dir='ltr'><strong>AEgyptum</strong></span> 
     </span>
     <span class='ocr_line' id='line_1_5' title="bbox 146 475 1625 532; baseline -0.004 -12"><span class='ocrx_word' id='word_1_28' title='bbox 146 477 303 532; x_wconf 88' lang='lat' dir='ltr'><strong>petiit:</strong></span> <span class='ocrx_word' id='word_1_29' title='bbox 335 478 413 520; x_wconf 90' lang='lat' dir='ltr'><strong>ubi</strong></span> <span class='ocrx_word' id='word_1_30' title='bbox 432 477 578 520; x_wconf 88' lang='lat' dir='ltr'><strong>literis</strong></span> <span class='ocrx_word' id='word_1_31' title='bbox 598 477 743 532; x_wconf 87' lang='lat' dir='ltr'><strong>gentis</strong></span> <span class='ocrx_word' id='word_1_32' title='bbox 764 476 864 532; x_wconf 87' lang='lat' dir='ltr'><strong>ejus</strong></span> <span class='ocrx_word' id='word_1_33' title='bbox 885 475 1184 527; x_wconf 84' lang='lat' dir='ltr'><strong>assuefactus,</strong></span> <span class='ocrx_word' id='word_1_34' title='bbox 1205 476 1422 531; x_wconf 79' lang='lat' dir='ltr'><strong>praeteriti</strong></span> <span class='ocrx_word' id='word_1_35' title='bbox 1443 477 1531 519; x_wconf 84' lang='lat' dir='ltr'><strong>aevi</strong></span> <span class='ocrx_word' id='word_1_36' title='bbox 1552 487 1625 517; x_wconf 83' lang='lat' dir='ltr'><strong>sa-</strong></span> 
     </span>
     <span class='ocr_line' id='line_1_6' title="bbox 147 544 1626 596; baseline -0.001 -9"><span class='ocrx_word' id='word_1_37' title='bbox 147 544 375 588; x_wconf 86' lang='lat' dir='ltr'><strong>cerdotum</strong></span> <span class='ocrx_word' id='word_1_38' title='bbox 397 545 738 589; x_wconf 84' lang='lat' dir='ltr'><strong>commentarios</strong></span> <span class='ocrx_word' id='word_1_39' title='bbox 758 548 1000 596; x_wconf 85' lang='lat' dir='ltr'><strong>scrutatuS,</strong></span> <span class='ocrx_word' id='word_1_40' title='bbox 1017 544 1403 587; x_wconf 85' lang='lat' dir='ltr'><strong>innumerabilium</strong></span> <span class='ocrx_word' id='word_1_41' title='bbox 1424 545 1626 587; x_wconf 85' lang='lat' dir='ltr'><strong>saeculo-</strong></span> 
     </span>
     <span class='ocr_line' id='line_1_7' title="bbox 144 612 1625 669; baseline -0.001 -13"><span class='ocrx_word' id='word_1_42' title='bbox 144 619 273 657; x_wconf 75' lang='lat' dir='ltr'><strong>rumn</strong></span> <span class='ocrx_word' id='word_1_43' title='bbox 302 615 640 659; x_wconf 85' lang='lat' dir='ltr'><strong>observationes</strong></span> <span class='ocrx_word' id='word_1_44' title='bbox 669 615 898 669; x_wconf 85' lang='lat' dir='ltr'><strong>cognovit.</strong></span> <span class='ocrx_word' id='word_1_45' title='bbox 958 614 1069 657; x_wconf 89' lang='lat' dir='ltr'><strong>Inde</strong></span> <span class='ocrx_word' id='word_1_46' title='bbox 1101 613 1159 656; x_wconf 91' lang='lat' dir='ltr'><strong>ad</strong></span> <span class='ocrx_word' id='word_1_47' title='bbox 1189 613 1359 656; x_wconf 87' lang='lat' dir='ltr'><strong>Persas</strong></span> <span class='ocrx_word' id='word_1_48' title='bbox 1386 612 1625 668; x_wconf 89' lang='lat' dir='ltr'><strong>profectus,</strong></span> 
     </span>
     <span class='ocr_line' id='line_1_8' title="bbox 145 681 1627 740; baseline -0.001 -15"><span class='ocrx_word' id='word_1_49' title='bbox 145 688 414 737; x_wconf 85' lang='lat' dir='ltr'><strong>magorum⁰</strong></span> <span class='ocrx_word' id='word_1_50' title='bbox 457 684 766 727; x_wconf 77' lang='lat' dir='ltr'><strong>exactissimae</strong></span> <span class='ocrx_word' id='word_1_51' title='bbox 805 683 1056 740; x_wconf 74' lang='lat' dir='ltr'><strong>prudentiae</strong></span> <span class='ocrx_word' id='word_1_52' title='bbox 1093 697 1143 726; x_wconf 87' lang='lat' dir='ltr'><strong>se</strong></span> <span class='ocrx_word' id='word_1_53' title='bbox 1177 681 1458 725; x_wconf 85' lang='lat' dir='ltr'><strong>formandum</strong></span> <span class='ocrx_word' id='word_1_54' title='bbox 1489 682 1627 724; x_wconf 89' lang='lat' dir='ltr'><strong>tradi-</strong></span> 
     </span>
     <span class='ocr_line' id='line_1_9' title="bbox 146 750 1627 807; baseline -0.001 -13"><span class='ocrx_word' id='word_1_55' title='bbox 146 751 276 804; x_wconf 87' lang='lat' dir='ltr'><strong>dit;¹⁹</strong></span> <span class='ocrx_word' id='word_1_56' title='bbox 306 765 334 794; x_wconf 85' lang='lat' dir='ltr'><strong>a</strong></span> <span class='ocrx_word' id='word_1_57' title='bbox 354 753 518 807; x_wconf 86' lang='lat' dir='ltr'><strong>quibus</strong></span> <span class='ocrx_word' id='word_1_58' title='bbox 539 753 739 795; x_wconf 87' lang='lat' dir='ltr'><strong>siderum</strong></span> <span class='ocrx_word' id='word_1_59' title='bbox 759 755 910 795; x_wconf 86' lang='lat' dir='ltr'><strong>motus</strong></span> <span class='ocrx_word' id='word_1_60' title='bbox 932 765 1179 807; x_wconf 88' lang='lat' dir='ltr'><strong>cursusque</strong></span> <span class='ocrx_word' id='word_1_61' title='bbox 1201 751 1445 802; x_wconf 88' lang='lat' dir='ltr'><strong>stellarum,</strong></span> <span class='ocrx_word' id='word_1_62' title='bbox 1466 755 1512 792; x_wconf 92' lang='lat' dir='ltr'><strong>et</strong></span> <span class='ocrx_word' id='word_1_63' title='bbox 1529 750 1627 793; x_wconf 86' lang='lat' dir='ltr'><strong>uni-</strong></span> 
     </span>
     <span class='ocr_line' id='line_1_10' title="bbox 145 819 1625 877; baseline -0.001 -14"><span class='ocrx_word' id='word_1_64' title='bbox 145 820 429 876; x_wconf 77' lang='lat' dir='ltr'><strong>usquusque</strong></span> <span class='ocrx_word' id='word_1_65' title='bbox 443 824 481 846; x_wconf 80' lang='lat'><strong>²0</strong></span> <span class='ocrx_word' id='word_1_66' title='bbox 512 823 618 874; x_wconf 86' lang='lat' dir='ltr'><strong>vim,</strong></span> <span class='ocrx_word' id='word_1_67' title='bbox 642 822 972 877; x_wconf 85' lang='lat' dir='ltr'><strong>proprietatem,</strong></span> <span class='ocrx_word' id='word_1_68' title='bbox 999 825 1044 865; x_wconf 91' lang='lat' dir='ltr'><strong>et</strong></span> <span class='ocrx_word' id='word_1_69' title='bbox 1072 820 1276 864; x_wconf 87' lang='lat' dir='ltr'><strong>effectum</strong></span> <span class='ocrx_word' id='word_1_70' title='bbox 1303 819 1625 873; x_wconf 86' lang='lat' dir='ltr'><strong>benignissime</strong></span> 
     </span>
     <span class='ocr_line' id='line_1_11' title="bbox 146 887 1630 939; baseline -0.001 -8"><span class='ocrx_word' id='word_1_71' title='bbox 146 889 495 933; x_wconf 84' lang='lat' dir='ltr'><strong>demonstratum</strong></span> <span class='ocrx_word' id='word_1_72' title='bbox 546 891 687 934; x_wconf 89' lang='lat' dir='ltr'><strong>docili</strong></span> <span class='ocrx_word' id='word_1_73' title='bbox 733 892 880 934; x_wconf 89' lang='lat' dir='ltr'><strong>animo</strong></span> <span class='ocrx_word' id='word_1_74' title='bbox 910 891 1077 934; x_wconf 87' lang='lat' dir='ltr'><strong>hausit.</strong></span> <span class='ocrx_word' id='word_1_75' title='bbox 1140 889 1318 932; x_wconf 88' lang='lat' dir='ltr'><strong>Cretam</strong></span> <span class='ocrx_word' id='word_1_76' title='bbox 1361 887 1538 939; x_wconf 87' lang='lat' dir='ltr'><strong>deinde,</strong></span> <span class='ocrx_word' id='word_1_77' title='bbox 1584 893 1630 931; x_wconf 90' lang='lat' dir='ltr'><strong>et</strong></span> 
     </span>
     <span class='ocr_line' id='line_1_12' title="bbox 147 956 1629 1015; baseline -0.001 -15"><span class='ocrx_word' id='word_1_78' title='bbox 147 957 476 1001; x_wconf 64' lang='lat' dir='ltr'><strong>Lacedaemona</strong></span> <span class='ocrx_word' id='word_1_79' title='bbox 488 958 523 983; x_wconf 82' lang='lat'><strong>²¹</strong></span> <span class='ocrx_word' id='word_1_80' title='bbox 554 960 810 1015; x_wconf 86' lang='lat' dir='ltr'><strong>navigavit:</strong></span> <span class='ocrx_word' id='word_1_81' title='bbox 842 973 1028 1014; x_wconf 88' lang='lat' dir='ltr'><strong>quarum</strong></span> <span class='ocrx_word' id='word_1_82' title='bbox 1062 959 1240 1013; x_wconf 85' lang='lat' dir='ltr'><strong>legibus</strong></span> <span class='ocrx_word' id='word_1_83' title='bbox 1271 971 1326 1000; x_wconf 88' lang='lat' dir='ltr'><strong>ac</strong></span> <span class='ocrx_word' id='word_1_84' title='bbox 1346 957 1543 1000; x_wconf 89' lang='lat' dir='ltr'><strong>moribus</strong></span> <span class='ocrx_word' id='word_1_85' title='bbox 1563 956 1629 998; x_wconf 92' lang='lat' dir='ltr'><strong>in-</strong></span> 
     </span>
     <span class='ocr_line' id='line_1_13' title="bbox 146 1024 1628 1084; baseline -0.001 -15"><span class='ocrx_word' id='word_1_86' title='bbox 146 1028 335 1083; x_wconf 84' lang='lat' dir='ltr'><strong>spectis,</strong></span> <span class='ocrx_word' id='word_1_87' title='bbox 377 1027 433 1070; x_wconf 90' lang='lat' dir='ltr'><strong>ad</strong></span> <span class='ocrx_word' id='word_1_88' title='bbox 473 1027 760 1084; x_wconf 89' lang='lat' dir='ltr'><strong>Olympicum</strong></span> <span class='ocrx_word' id='word_1_89' title='bbox 799 1032 1054 1071; x_wconf 62' lang='lat' dir='ltr'><strong>certamen?</strong></span> <span class='ocrx_word' id='word_1_90' title='bbox 1098 1027 1343 1070; x_wconf 84' lang='lat' dir='ltr'><strong>descendit.</strong></span> <span class='ocrx_word' id='word_1_91' title='bbox 1420 1024 1628 1081; x_wconf 85' lang='lat' dir='ltr'><strong>Cumque</strong></span> 
     </span>
    </p>
   </div>
   <div class='ocr_carea' id='block_1_3' title="bbox 394 171 1362 206">
    <p class='ocr_par' dir='ltr' id='par_1_3' title="bbox 394 171 1362 206">
     <span class='ocr_line' id='line_1_14' title="bbox 394 171 1362 206; baseline -0.003 0"><span class='ocrx_word' id='word_1_92' title='bbox 394 173 503 206; x_wconf 82' lang='lat' dir='ltr'><strong>cAP.</strong></span> <span class='ocrx_word' id='word_1_93' title='bbox 535 171 624 204; x_wconf 84' lang='lat' dir='ltr'><strong>vu.</strong></span> <span class='ocrx_word' id='word_1_94' title='bbox 658 172 722 204; x_wconf 70' lang='lat' dir='ltr'><strong>Du</strong></span> <span class='ocrx_word' id='word_1_95' title='bbox 753 171 940 204; x_wconf 76' lang='lat' dir='ltr'><strong>s‘rumo</strong></span> <span class='ocrx_word' id='word_1_96' title='bbox 975 171 1036 202; x_wconf 78' lang='grc' dir='ltr'><strong>ΕΤ</strong></span> <span class='ocrx_word' id='word_1_97' title='bbox 1063 171 1362 205; x_wconf 75' lang='lat' dir='ltr'><strong>mmJS&#39;rRlA.</strong></span> 
     </span>
    </p>
   </div>
   <div class='ocr_carea' id='block_1_4' title="bbox 147 1148 1630 1238">
    <p class='ocr_par' dir='ltr' id='par_1_4' title="bbox 147 1148 1630 1238">
     <span class='ocr_line' id='line_1_15' title="bbox 147 1148 1630 1237; baseline -0.001 -55"><span class='ocrx_word' id='word_1_98' title='bbox 147 1148 208 1225; x_wconf 50' lang='lat' dir='ltr'><strong>rit!</strong></span> <span class='ocrx_word' id='word_1_99' title='bbox 219 1150 320 1237; x_wconf 38' lang='lat' dir='ltr'><strong>amne</strong></span> <span class='ocrx_word' id='word_1_100' title='bbox 332 1151 525 1228; x_wconf 56' lang='lat' dir='ltr'><strong>enign3tqu0d</strong></span> <span class='ocrx_word' id='word_1_101' title='bbox 537 1154 578 1186; x_wconf 76' lang='lat' dir='ltr'><strong>ud</strong></span> <span class='ocrx_word' id='word_1_102' title='bbox 592 1163 742 1186; x_wconf 73' lang='lat' dir='ltr'><strong>summum</strong></span> <span class='ocrx_word' id='word_1_103' title='bbox 755 1151 983 1194; x_wconf 81' lang='lat' dir='ltr'><strong>perfectionem</strong></span> <span class='ocrx_word' id='word_1_104' title='bbox 1003 1151 1169 1196; x_wconf 74' lang='lat' dir='ltr'><strong>pervenire</strong></span> <span class='ocrx_word' id='word_1_105' title='bbox 1192 1150 1296 1192; x_wconf 78' lang='lat' dir='ltr'><strong>debet,</strong></span> <span class='ocrx_word' id='word_1_106' title='bbox 1311 1154 1343 1183; x_wconf 83' lang='lat' dir='ltr'><strong>et</strong></span> <span class='ocrx_word' id='word_1_107' title='bbox 1357 1152 1494 1192; x_wconf 78' lang='lat' dir='ltr'><strong>mature,</strong></span> <span class='ocrx_word' id='word_1_108' title='bbox 1507 1153 1539 1182; x_wconf 77' lang='lat' dir='ltr'><strong>et</strong></span> <span class='ocrx_word' id='word_1_109' title='bbox 1553 1148 1630 1182; x_wconf 79' lang='lat' dir='ltr'><strong>cele-</strong></span> 
     </span>
     <span class='ocr_line' id='line_1_16' title="bbox 194 1203 452 1238; baseline 0.008 -12"><span class='ocrx_word' id='word_1_110' title='bbox 194 1203 229 1226; x_wconf 79' lang='lat' dir='ltr'><strong>er</strong></span> <span class='ocrx_word' id='word_1_111' title='bbox 265 1204 312 1226; x_wconf 80' lang='lat' dir='ltr'><strong>en</strong></span> <span class='ocrx_word' id='word_1_112' title='bbox 327 1205 425 1238; x_wconf 66' lang='lat' dir='ltr'><strong>incipi</strong></span> <span class='ocrx_word' id='word_1_113' title='bbox 443 1220 452 1228; x_wconf 92' lang='lat'><strong>.</strong></span> 
     </span>
    </p>
   </div>
   <div class='ocr_carea' id='block_1_5' title="bbox 769 1249 1007 1265">
    <p class='ocr_par' dir='ltr' id='par_1_5' title="bbox 769 1249 1007 1265">
     <span class='ocr_line' id='line_1_17' title="bbox 769 1249 1007 1265; baseline 0.004 -4"><span class='ocrx_word' id='word_1_114' title='bbox 769 1249 1007 1265; x_wconf 54' lang='lat' dir='ltr'><strong>mmm</strong></span> 
     </span>
    </p>
   </div>
   <div class='ocr_carea' id='block_1_6' title="bbox 147 1308 1634 1834">
    <p class='ocr_par' dir='ltr' id='par_1_6' title="bbox 147 1308 1634 1834">
     <span class='ocr_line' id='line_1_18' title="bbox 148 1308 1632 1355; baseline -0.001 -14"><span class='ocrx_word' id='word_1_115' title='bbox 148 1310 190 1341; x_wconf 84' lang='grc'><strong>17</strong></span> <span class='ocrx_word' id='word_1_116' title='bbox 214 1308 312 1355; x_wconf 83' lang='lat' dir='ltr'><strong>Harl.</strong></span> <span class='ocrx_word' id='word_1_117' title='bbox 336 1315 501 1345; x_wconf 69' lang='lat' dir='ltr'><strong>neumenia</strong></span> <span class='ocrx_word' id='word_1_118' title='bbox 525 1313 668 1354; x_wconf 77' lang='lat' dir='ltr'><strong>pariter,-</strong></span> <span class='ocrx_word' id='word_1_119' title='bbox 696 1312 795 1346; x_wconf 85' lang='lat' dir='ltr'><strong>Leid.</strong></span> <span class='ocrx_word' id='word_1_120' title='bbox 809 1316 843 1345; x_wconf 85' lang='grc'><strong>6.</strong></span> <span class='ocrx_word' id='word_1_121' title='bbox 866 1316 1055 1354; x_wconf 77' lang='lat' dir='ltr'><strong>argumenta</strong></span> <span class='ocrx_word' id='word_1_122' title='bbox 1075 1312 1210 1354; x_wconf 80' lang='lat' dir='ltr'><strong>puriter.</strong></span> <span class='ocrx_word' id='word_1_123' title='bbox 1257 1309 1399 1352; x_wconf 82' lang='lat' dir='ltr'><strong>Pighius</strong></span> <span class='ocrx_word' id='word_1_124' title='bbox 1416 1318 1564 1350; x_wconf 88' lang='lat' dir='ltr'><strong>eumque</strong></span> <span class='ocrx_word' id='word_1_125' title='bbox 1580 1317 1632 1339; x_wconf 87' lang='lat' dir='ltr'><strong>se-</strong></span> 
     </span>
     <span class='ocr_line' id='line_1_19' title="bbox 149 1352 1632 1394; baseline -0.001 -10"><span class='ocrx_word' id='word_1_126' title='bbox 149 1353 221 1386; x_wconf 86' lang='lat' dir='ltr'><strong>cuti</strong></span> <span class='ocrx_word' id='word_1_127' title='bbox 249 1356 281 1386; x_wconf 79' lang='lat' dir='ltr'><strong>et</strong></span> <span class='ocrx_word' id='word_1_128' title='bbox 311 1360 433 1387; x_wconf 85' lang='lat' dir='ltr'><strong>contra</strong></span> <span class='ocrx_word' id='word_1_129' title='bbox 462 1366 579 1388; x_wconf 86' lang='lat' dir='ltr'><strong>omnes</strong></span> <span class='ocrx_word' id='word_1_130' title='bbox 609 1357 713 1389; x_wconf 88' lang='lat' dir='ltr'><strong>libros</strong></span> <span class='ocrx_word' id='word_1_131' title='bbox 743 1357 851 1389; x_wconf 87' lang='lat' dir='ltr'><strong>tacite</strong></span> <span class='ocrx_word' id='word_1_132' title='bbox 880 1356 1088 1389; x_wconf 86' lang='lat' dir='ltr'><strong>omiserunt.</strong></span> <span class='ocrx_word' id='word_1_133' title='bbox 1145 1355 1231 1387; x_wconf 76' lang='lat' dir='ltr'><strong>Mox</strong></span> <span class='ocrx_word' id='word_1_134' title='bbox 1263 1354 1365 1386; x_wconf 85' lang='lat' dir='ltr'><strong>Harl.</strong></span> <span class='ocrx_word' id='word_1_135' title='bbox 1398 1352 1632 1394; x_wconf 74' lang='lat' dir='ltr'><strong>cupiditate.—</strong></span> 
     </span>
     <span class='ocr_line' id='line_1_20' title="bbox 149 1396 1633 1443; baseline -0.001 -15"><span class='ocrx_word' id='word_1_136' title='bbox 149 1398 192 1428; x_wconf 87' lang='lat'><strong>18</strong></span> <span class='ocrx_word' id='word_1_137' title='bbox 215 1396 311 1439; x_wconf 79' lang='lat' dir='ltr'><strong>Meg.</strong></span> <span class='ocrx_word' id='word_1_138' title='bbox 328 1397 411 1430; x_wconf 77' lang='lat' dir='ltr'><strong>enim</strong></span> <span class='ocrx_word' id='word_1_139' title='bbox 426 1400 468 1431; x_wconf 75' lang='lat' dir='ltr'><strong>ud</strong></span> <span class='ocrx_word' id='word_1_140' title='bbox 482 1410 515 1432; x_wconf 81' lang='lat' dir='ltr'><strong>u.</strong></span> <span class='ocrx_word' id='word_1_141' title='bbox 530 1411 556 1432; x_wconf 78' lang='lat' dir='ltr'><strong>s.</strong></span> <span class='ocrx_word' id='word_1_142' title='bbox 571 1403 793 1441; x_wconf 72' lang='lat' dir='ltr'><strong>perventurum</strong></span> <span class='ocrx_word' id='word_1_143' title='bbox 809 1402 855 1433; x_wconf 77' lang='lat' dir='ltr'><strong>est</strong></span> <span class='ocrx_word' id='word_1_144' title='bbox 860 1396 975 1443; x_wconf 85' lang='lat' dir='ltr'><strong>finem,</strong></span> <span class='ocrx_word' id='word_1_145' title='bbox 988 1401 1069 1441; x_wconf 83' lang='lat' dir='ltr'><strong>quod</strong></span> <span class='ocrx_word' id='word_1_146' title='bbox 1083 1409 1146 1431; x_wconf 80' lang='lat' dir='ltr'><strong>non</strong></span> <span class='ocrx_word' id='word_1_147' title='bbox 1159 1402 1191 1431; x_wconf 79' lang='lat' dir='ltr'><strong>et</strong></span> <span class='ocrx_word' id='word_1_148' title='bbox 1206 1403 1354 1435; x_wconf 66' lang='lat' dir='ltr'><strong>maline,-</strong></span> <span class='ocrx_word' id='word_1_149' title='bbox 1376 1407 1454 1430; x_wconf 89' lang='lat' dir='ltr'><strong>cum</strong></span> <span class='ocrx_word' id='word_1_150' title='bbox 1471 1406 1539 1440; x_wconf 90' lang='lat' dir='ltr'><strong>quo</strong></span> <span class='ocrx_word' id='word_1_151' title='bbox 1553 1405 1633 1428; x_wconf 90' lang='lat' dir='ltr'><strong>con-</strong></span> 
     </span>
     <span class='ocr_line' id='line_1_21' title="bbox 147 1438 1632 1486; baseline 0 -15"><span class='ocrx_word' id='word_1_152' title='bbox 147 1440 255 1473; x_wconf 71' lang='lat' dir='ltr'><strong>sentit</strong></span> <span class='ocrx_word' id='word_1_153' title='bbox 270 1441 395 1484; x_wconf 82' lang='lat' dir='ltr'><strong>Ultraj.</strong></span> <span class='ocrx_word' id='word_1_154' title='bbox 422 1452 492 1476; x_wconf 81' lang='lat' dir='ltr'><strong>sec.</strong></span> <span class='ocrx_word' id='word_1_155' title='bbox 517 1443 581 1476; x_wconf 81' lang='lat' dir='ltr'><strong>nisi</strong></span> <span class='ocrx_word' id='word_1_156' title='bbox 605 1444 697 1486; x_wconf 86' lang='lat' dir='ltr'><strong>qnod</strong></span> <span class='ocrx_word' id='word_1_157' title='bbox 724 1444 783 1476; x_wconf 89' lang='lat' dir='ltr'><strong>ille</strong></span> <span class='ocrx_word' id='word_1_158' title='bbox 811 1444 918 1476; x_wconf 78' lang='lat' dir='ltr'><strong>habet</strong></span> <span class='ocrx_word' id='word_1_159' title='bbox 944 1443 1063 1484; x_wconf 78' lang='lat' dir='ltr'><strong>incepit</strong></span> <span class='ocrx_word' id='word_1_160' title='bbox 1088 1452 1166 1475; x_wconf 90' lang='lat' dir='ltr'><strong>cum</strong></span> <span class='ocrx_word' id='word_1_161' title='bbox 1184 1442 1282 1474; x_wconf 87' lang='lat' dir='ltr'><strong>Harl.</strong></span> <span class='ocrx_word' id='word_1_162' title='bbox 1310 1446 1346 1473; x_wconf 87' lang='lat' dir='ltr'><strong>et</strong></span> <span class='ocrx_word' id='word_1_163' title='bbox 1369 1440 1480 1473; x_wconf 83' lang='lat' dir='ltr'><strong>tribus</strong></span> <span class='ocrx_word' id='word_1_164' title='bbox 1507 1438 1632 1472; x_wconf 89' lang='lat' dir='ltr'><strong>Leidd.</strong></span> 
     </span>
     <span class='ocr_line' id='line_1_22' title="bbox 148 1481 1634 1529; baseline 0.001 -15"><span class='ocrx_word' id='word_1_165' title='bbox 148 1481 330 1526; x_wconf 84' lang='lat' dir='ltr'><strong>Ascensio‚</strong></span> <span class='ocrx_word' id='word_1_166' title='bbox 354 1485 459 1527; x_wconf 83' lang='lat' dir='ltr'><strong>Aldo,</strong></span> <span class='ocrx_word' id='word_1_167' title='bbox 481 1487 678 1529; x_wconf 85' lang='lat' dir='ltr'><strong>ceterisque</strong></span> <span class='ocrx_word' id='word_1_168' title='bbox 695 1487 822 1519; x_wconf 77' lang='lat' dir='ltr'><strong>secutis</strong></span> <span class='ocrx_word' id='word_1_169' title='bbox 841 1496 946 1529; x_wconf 83' lang='lat' dir='ltr'><strong>usque</strong></span> <span class='ocrx_word' id='word_1_170' title='bbox 973 1487 1017 1519; x_wconf 81' lang='lat' dir='ltr'><strong>ad</strong></span> <span class='ocrx_word' id='word_1_171' title='bbox 1045 1486 1217 1527; x_wconf 84' lang='lat' dir='ltr'><strong>Pighinm.</strong></span> <span class='ocrx_word' id='word_1_172' title='bbox 1267 1485 1404 1517; x_wconf 74' lang='lat' dir='ltr'><strong>Deinde</strong></span> <span class='ocrx_word' id='word_1_173' title='bbox 1427 1484 1496 1516; x_wconf 89' lang='lat' dir='ltr'><strong>duo</strong></span> <span class='ocrx_word' id='word_1_174' title='bbox 1524 1483 1634 1515; x_wconf 75' lang='lat' dir='ltr'><strong>Paris.</strong></span> 
     </span>
     <span class='ocr_line' id='line_1_23' title="bbox 148 1526 1632 1572; baseline -0.001 -13"><span class='ocrx_word' id='word_1_175' title='bbox 148 1526 195 1559; x_wconf 74' lang='lat' dir='ltr'><strong>ibi</strong></span> <span class='ocrx_word' id='word_1_176' title='bbox 209 1528 332 1560; x_wconf 71' lang='lat' dir='ltr'><strong>literis.-</strong></span> <span class='ocrx_word' id='word_1_177' title='bbox 357 1539 457 1568; x_wconf 85' lang='lat' dir='ltr'><strong>unus‚</strong></span> <span class='ocrx_word' id='word_1_178' title='bbox 473 1534 503 1563; x_wconf 82' lang='lat' dir='ltr'><strong>et</strong></span> <span class='ocrx_word' id='word_1_179' title='bbox 519 1531 666 1563; x_wconf 58' lang='lat' dir='ltr'><strong>thaz—19</strong></span> <span class='ocrx_word' id='word_1_180' title='bbox 690 1530 789 1563; x_wconf 89' lang='lat' dir='ltr'><strong>Leid.</strong></span> <span class='ocrx_word' id='word_1_181' title='bbox 803 1531 914 1572; x_wconf 80' lang='lat' dir='ltr'><strong>quint.</strong></span> <span class='ocrx_word' id='word_1_182' title='bbox 930 1540 963 1562; x_wconf 77' lang='lat' dir='ltr'><strong>se</strong></span> <span class='ocrx_word' id='word_1_183' title='bbox 977 1531 1024 1562; x_wconf 73' lang='lat' dir='ltr'><strong>itu</strong></span> <span class='ocrx_word' id='word_1_184' title='bbox 1032 1529 1236 1569; x_wconf 79' lang='lat' dir='ltr'><strong>formandum</strong></span> <span class='ocrx_word' id='word_1_185' title='bbox 1254 1529 1414 1567; x_wconf 57' lang='lat' dir='ltr'><strong>aradium</strong></span> <span class='ocrx_word' id='word_1_186' title='bbox 1429 1527 1520 1570; x_wconf 88' lang='lat' dir='ltr'><strong>quod</strong></span> <span class='ocrx_word' id='word_1_187' title='bbox 1536 1526 1632 1558; x_wconf 87' lang='lat' dir='ltr'><strong>vide-</strong></span> 
     </span>
     <span class='ocr_line' id='line_1_24' title="bbox 149 1570 1634 1616; baseline 0.001 -15"><span class='ocrx_word' id='word_1_188' title='bbox 149 1575 208 1602; x_wconf 84' lang='lat' dir='ltr'><strong>tur</strong></span> <span class='ocrx_word' id='word_1_189' title='bbox 222 1576 426 1612; x_wconf 82' lang='lat' dir='ltr'><strong>corruptum</strong></span> <span class='ocrx_word' id='word_1_190' title='bbox 443 1583 486 1604; x_wconf 85' lang='lat' dir='ltr'><strong>ex</strong></span> <span class='ocrx_word' id='word_1_191' title='bbox 505 1584 558 1615; x_wconf 79' lang='lat' dir='ltr'><strong>eo,</strong></span> <span class='ocrx_word' id='word_1_192' title='bbox 580 1574 672 1616; x_wconf 88' lang='lat' dir='ltr'><strong>quod</strong></span> <span class='ocrx_word' id='word_1_193' title='bbox 688 1580 740 1606; x_wconf 84' lang='lat' dir='ltr'><strong>est</strong></span> <span class='ocrx_word' id='word_1_194' title='bbox 756 1574 790 1606; x_wconf 91' lang='lat' dir='ltr'><strong>in</strong></span> <span class='ocrx_word' id='word_1_195' title='bbox 808 1576 881 1607; x_wconf 84' lang='lat' dir='ltr'><strong>Bit.</strong></span> <span class='ocrx_word' id='word_1_196' title='bbox 899 1574 998 1615; x_wconf 84' lang='lat' dir='ltr'><strong>prim.</strong></span> <span class='ocrx_word' id='word_1_197' title='bbox 1014 1584 1048 1606; x_wconf 81' lang='lat' dir='ltr'><strong>se</strong></span> <span class='ocrx_word' id='word_1_198' title='bbox 1063 1572 1298 1612; x_wconf 66' lang='lat' dir='ltr'><strong>informandum</strong></span> <span class='ocrx_word' id='word_1_199' title='bbox 1312 1572 1550 1604; x_wconf 78' lang='lat' dir='ltr'><strong>tradidit.—-20</strong></span> <span class='ocrx_word' id='word_1_200' title='bbox 1577 1570 1634 1602; x_wconf 79' lang='lat' dir='ltr'><strong>Ita</strong></span> 
     </span>
     <span class='ocr_line' id='line_1_25' title="bbox 150 1614 1634 1659; baseline -0.001 -13"><span class='ocrx_word' id='word_1_201' title='bbox 150 1623 266 1646; x_wconf 85' lang='lat' dir='ltr'><strong>omnes</strong></span> <span class='ocrx_word' id='word_1_202' title='bbox 283 1614 540 1650; x_wconf 82' lang='lat' dir='ltr'><strong>codd.Torren.</strong></span> <span class='ocrx_word' id='word_1_203' title='bbox 567 1623 603 1650; x_wconf 91' lang='lat' dir='ltr'><strong>et</strong></span> <span class='ocrx_word' id='word_1_204' title='bbox 632 1618 734 1659; x_wconf 84' lang='lat' dir='ltr'><strong>Pigh.</strong></span> <span class='ocrx_word' id='word_1_205' title='bbox 757 1617 998 1659; x_wconf 71' lang='lat' dir='ltr'><strong>uniuscnjusque</strong></span> <span class='ocrx_word' id='word_1_206' title='bbox 1011 1617 1059 1649; x_wconf 84' lang='lat' dir='ltr'><strong>rei</strong></span> <span class='ocrx_word' id='word_1_207' title='bbox 1083 1616 1164 1649; x_wconf 77' lang='lat' dir='ltr'><strong>edd.</strong></span> <span class='ocrx_word' id='word_1_208' title='bbox 1181 1620 1266 1648; x_wconf 85' lang='lat' dir='ltr'><strong>vett.</strong></span> <span class='ocrx_word' id='word_1_209' title='bbox 1314 1616 1398 1647; x_wconf 87' lang='lat' dir='ltr'><strong>Mox</strong></span> <span class='ocrx_word' id='word_1_210' title='bbox 1426 1624 1488 1656; x_wconf 91' lang='lat' dir='ltr'><strong>pro</strong></span> <span class='ocrx_word' id='word_1_211' title='bbox 1513 1614 1634 1654; x_wconf 75' lang='lat' dir='ltr'><strong>hausit,</strong></span> 
     </span>
     <span class='ocr_line' id='line_1_26' title="bbox 150 1657 1634 1701; baseline -0.001 -12"><span class='ocrx_word' id='word_1_212' title='bbox 150 1657 243 1700; x_wconf 85' lang='lat' dir='ltr'><strong>quod</strong></span> <span class='ocrx_word' id='word_1_213' title='bbox 260 1662 296 1691; x_wconf 87' lang='lat' dir='ltr'><strong>et</strong></span> <span class='ocrx_word' id='word_1_214' title='bbox 313 1658 458 1701; x_wconf 85' lang='lat' dir='ltr'><strong>Pighius</strong></span> <span class='ocrx_word' id='word_1_215' title='bbox 481 1670 525 1692; x_wconf 89' lang='lat' dir='ltr'><strong>ex</strong></span> <span class='ocrx_word' id='word_1_216' title='bbox 554 1661 686 1694; x_wconf 81' lang='lat' dir='ltr'><strong>Cauch.</strong></span> <span class='ocrx_word' id='word_1_217' title='bbox 713 1667 747 1693; x_wconf 83' lang='lat' dir='ltr'><strong>et</strong></span> <span class='ocrx_word' id='word_1_218' title='bbox 776 1662 897 1694; x_wconf 90' lang='lat' dir='ltr'><strong>Colon.</strong></span> <span class='ocrx_word' id='word_1_219' title='bbox 923 1661 1090 1700; x_wconf 88' lang='lat' dir='ltr'><strong>restituit,</strong></span> <span class='ocrx_word' id='word_1_220' title='bbox 1110 1660 1308 1701; x_wconf 85' lang='lat' dir='ltr'><strong>habentque</strong></span> <span class='ocrx_word' id='word_1_221' title='bbox 1335 1658 1438 1690; x_wconf 83' lang='lat' dir='ltr'><strong>codd.</strong></span> <span class='ocrx_word' id='word_1_222' title='bbox 1466 1657 1634 1698; x_wconf 71' lang='lat' dir='ltr'><strong>Gnidiam,</strong></span> 
     </span>
     <span class='ocr_line' id='line_1_27' title="bbox 149 1700 1634 1747; baseline -0.001 -14"><span class='ocrx_word' id='word_1_223' title='bbox 149 1702 283 1743; x_wconf 70' lang='lat' dir='ltr'><strong>sumpsit</strong></span> <span class='ocrx_word' id='word_1_224' title='bbox 297 1701 404 1736; x_wconf 89' lang='lat' dir='ltr'><strong>Aldd.</strong></span> <span class='ocrx_word' id='word_1_225' title='bbox 417 1703 530 1736; x_wconf 90' lang='lat' dir='ltr'><strong>Colin.</strong></span> <span class='ocrx_word' id='word_1_226' title='bbox 548 1704 685 1747; x_wconf 87' lang='lat' dir='ltr'><strong>Gryph.</strong></span> <span class='ocrx_word' id='word_1_227' title='bbox 703 1711 739 1737; x_wconf 90' lang='lat' dir='ltr'><strong>et</strong></span> <span class='ocrx_word' id='word_1_228' title='bbox 754 1705 877 1746; x_wconf 80' lang='lat' dir='ltr'><strong>Steph.</strong></span> <span class='ocrx_word' id='word_1_229' title='bbox 901 1705 1029 1745; x_wconf 75' lang='lat' dir='ltr'><strong>scripsit</strong></span> <span class='ocrx_word' id='word_1_230' title='bbox 1045 1714 1131 1736; x_wconf 83' lang='lat' dir='ltr'><strong>unus</strong></span> <span class='ocrx_word' id='word_1_231' title='bbox 1148 1704 1276 1735; x_wconf 85' lang='lat' dir='ltr'><strong>Brand.</strong></span> <span class='ocrx_word' id='word_1_232' title='bbox 1302 1702 1431 1744; x_wconf 84' lang='lat' dir='ltr'><strong>Ultraj.</strong></span> <span class='ocrx_word' id='word_1_233' title='bbox 1447 1705 1480 1734; x_wconf 84' lang='lat'><strong>2.</strong></span> <span class='ocrx_word' id='word_1_234' title='bbox 1508 1700 1634 1733; x_wconf 85' lang='lat' dir='ltr'><strong>Leidd.</strong></span> 
     </span>
     <span class='ocr_line' id='line_1_28' title="bbox 152 1745 1634 1790; baseline 0 -14"><span class='ocrx_word' id='word_1_235' title='bbox 152 1747 183 1776; x_wconf 86' lang='lat'><strong>1.</strong></span> <span class='ocrx_word' id='word_1_236' title='bbox 199 1747 230 1776; x_wconf 77' lang='lat'><strong>2.</strong></span> <span class='ocrx_word' id='word_1_237' title='bbox 246 1748 276 1778; x_wconf 77' lang='lat'><strong>6.</strong></span> <span class='ocrx_word' id='word_1_238' title='bbox 299 1745 418 1779; x_wconf 84' lang='lat' dir='ltr'><strong>Chalc.</strong></span> <span class='ocrx_word' id='word_1_239' title='bbox 437 1747 581 1790; x_wconf 77' lang='lat' dir='ltr'><strong>Hei-bip.</strong></span> <span class='ocrx_word' id='word_1_240' title='bbox 601 1749 698 1790; x_wconf 85' lang='lat' dir='ltr'><strong>Meg.</strong></span> <span class='ocrx_word' id='word_1_241' title='bbox 715 1753 752 1781; x_wconf 89' lang='lat' dir='ltr'><strong>et</strong></span> <span class='ocrx_word' id='word_1_242' title='bbox 766 1749 912 1781; x_wconf 90' lang='lat' dir='ltr'><strong>Mediol.</strong></span> <span class='ocrx_word' id='word_1_243' title='bbox 939 1748 1056 1790; x_wconf 77' lang='lat' dir='ltr'><strong>sorpsit</strong></span> <span class='ocrx_word' id='word_1_244' title='bbox 1083 1747 1213 1788; x_wconf 80' lang='lat' dir='ltr'><strong>Ultraj.</strong></span> <span class='ocrx_word' id='word_1_245' title='bbox 1232 1750 1264 1778; x_wconf 98' lang='grc'><strong>1.</strong></span> <span class='ocrx_word' id='word_1_246' title='bbox 1299 1746 1396 1778; x_wconf 87' lang='lat' dir='ltr'><strong>Leid.</strong></span> <span class='ocrx_word' id='word_1_247' title='bbox 1422 1749 1455 1778; x_wconf 90' lang='lat'><strong>5.</strong></span> <span class='ocrx_word' id='word_1_248' title='bbox 1482 1749 1519 1777; x_wconf 88' lang='lat' dir='ltr'><strong>et</strong></span> <span class='ocrx_word' id='word_1_249' title='bbox 1545 1745 1634 1776; x_wconf 79' lang='lat' dir='ltr'><strong>alter</strong></span> 
     </span>
     <span class='ocr_line' id='line_1_29' title="bbox 151 1788 1633 1834; baseline 0 -14"><span class='ocrx_word' id='word_1_250' title='bbox 151 1788 283 1822; x_wconf 73' lang='lat' dir='ltr'><strong>Brund.</strong></span> <span class='ocrx_word' id='word_1_251' title='bbox 305 1791 421 1832; x_wconf 66' lang='lat' dir='ltr'><strong>serpsit</strong></span> <span class='ocrx_word' id='word_1_252' title='bbox 447 1791 480 1823; x_wconf 91' lang='lat' dir='ltr'><strong>in</strong></span> <span class='ocrx_word' id='word_1_253' title='bbox 509 1791 715 1834; x_wconf 84' lang='lat' dir='ltr'><strong>quibusdam</strong></span> <span class='ocrx_word' id='word_1_254' title='bbox 741 1793 912 1824; x_wconf 80' lang='lat' dir='ltr'><strong>aliis.—2l</strong></span> <span class='ocrx_word' id='word_1_255' title='bbox 938 1792 1143 1834; x_wconf 82' lang='lat' dir='ltr'><strong>Complures</strong></span> <span class='ocrx_word' id='word_1_256' title='bbox 1169 1789 1271 1823; x_wconf 86' lang='lat' dir='ltr'><strong>codd.</strong></span> <span class='ocrx_word' id='word_1_257' title='bbox 1299 1791 1447 1822; x_wconf 88' lang='lat' dir='ltr'><strong>Torreu.</strong></span> <span class='ocrx_word' id='word_1_258' title='bbox 1473 1793 1511 1821; x_wconf 85' lang='lat' dir='ltr'><strong>et</strong></span> <span class='ocrx_word' id='word_1_259' title='bbox 1535 1788 1633 1831; x_wconf 84' lang='lat' dir='ltr'><strong>Mog.</strong></span> 
     </span>
    </p>
   </div>
   <div class='ocr_carea' id='block_1_7' title="bbox 824 1855 973 1890">
    <p class='ocr_par' dir='ltr' id='par_1_7' title="bbox 824 1855 973 1890">
     <span class='ocr_line' id='line_1_30' title="bbox 824 1855 973 1890; baseline -0.013 0"><span class='ocrx_word' id='word_1_260' title='bbox 824 1855 973 1890; x_wconf 85' lang='lat' dir='ltr'>NOTAE</span> 
     </span>
    </p>
   </div>
   <div class='ocr_carea' id='block_1_8' title="bbox 151 1918 861 2018">
    <p class='ocr_par' dir='ltr' id='par_1_8' title="bbox 151 1918 861 2018">
     <span class='ocr_line' id='line_1_31' title="bbox 194 1918 861 1965; baseline 0.006 -14"><span class='ocrx_word' id='word_1_261' title='bbox 194 1923 210 1939; x_wconf 78' lang='lat'><strong>¹¹</strong></span> <span class='ocrx_word' id='word_1_262' title='bbox 232 1918 513 1955; x_wconf 79' lang='lat' dir='ltr'><strong>Innumerabilium</strong></span> <span class='ocrx_word' id='word_1_263' title='bbox 527 1922 727 1965; x_wconf 76' lang='lat' dir='ltr'><strong>soeculorum]</strong></span> <span class='ocrx_word' id='word_1_264' title='bbox 744 1920 776 1956; x_wconf 89' lang='lat' dir='ltr'><strong>A</strong></span> <span class='ocrx_word' id='word_1_265' title='bbox 793 1922 861 1965; x_wconf 83' lang='lat' dir='ltr'><strong>pri-</strong></span> 
     </span>
     <span class='ocr_line' id='line_1_32' title="bbox 151 1972 861 2018; baseline 0.008 -16"><span class='ocrx_word' id='word_1_266' title='bbox 151 1980 208 2002; x_wconf 87' lang='lat' dir='ltr'><strong>mo</strong></span> <span class='ocrx_word' id='word_1_267' title='bbox 236 1972 331 2014; x_wconf 85' lang='lat' dir='ltr'><strong>Rege</strong></span> <span class='ocrx_word' id='word_1_268' title='bbox 359 1973 401 2005; x_wconf 78' lang='lat' dir='ltr'><strong>ad</strong></span> <span class='ocrx_word' id='word_1_269' title='bbox 427 1975 559 2008; x_wconf 80' lang='lat' dir='ltr'><strong>Sethon</strong></span> <span class='ocrx_word' id='word_1_270' title='bbox 586 1976 768 2018; x_wconf 85' lang='lat' dir='ltr'><strong>progenies</strong></span> <span class='ocrx_word' id='word_1_271' title='bbox 785 1978 861 2008; x_wconf 80' lang='lat'><strong>341.</strong></span> 
     </span>
    </p>
   </div>
   <div class='ocr_carea' id='block_1_9' title="bbox 919 1919 1634 2016">
    <p class='ocr_par' dir='ltr' id='par_1_9' title="bbox 919 1919 1634 2016">
     <span class='ocr_line' id='line_1_33' title="bbox 919 1919 1634 1963; baseline -0.003 -10"><span class='ocrx_word' id='word_1_272' title='bbox 919 1926 1001 1963; x_wconf 83' lang='lat' dir='ltr'><strong>tam,</strong></span> <span class='ocrx_word' id='word_1_273' title='bbox 1016 1924 1054 1953; x_wconf 86' lang='lat' dir='ltr'><strong>ut</strong></span> <span class='ocrx_word' id='word_1_274' title='bbox 1067 1921 1210 1962; x_wconf 87' lang='lat' dir='ltr'><strong>Minois,</strong></span> <span class='ocrx_word' id='word_1_275' title='bbox 1222 1925 1295 1953; x_wconf 88' lang='lat' dir='ltr'><strong>tum</strong></span> <span class='ocrx_word' id='word_1_276' title='bbox 1314 1919 1579 1961; x_wconf 72' lang='lat' dir='ltr'><strong>Lacedaemona,</strong></span> <span class='ocrx_word' id='word_1_277' title='bbox 1595 1922 1634 1952; x_wconf 84' lang='lat' dir='ltr'><strong>ut</strong></span> 
     </span>
     <span class='ocr_line' id='line_1_34' title="bbox 920 1973 1461 2016; baseline -0.004 -10"><span class='ocrx_word' id='word_1_278' title='bbox 920 1973 1070 2016; x_wconf 84' lang='lat' dir='ltr'><strong>Lycurgi</strong></span> <span class='ocrx_word' id='word_1_279' title='bbox 1099 1974 1196 2015; x_wconf 88' lang='lat' dir='ltr'><strong>leges</strong></span> <span class='ocrx_word' id='word_1_280' title='bbox 1221 1977 1461 2015; x_wconf 85' lang='lat' dir='ltr'><strong>cognosceret.</strong></span> 
     </span>
    </p>
   </div>
   <div class='ocr_carea' id='block_1_10' title="bbox 151 2020 869 2787">
    <p class='ocr_par' dir='ltr' id='par_1_10' title="bbox 151 2020 868 2566">
     <span class='ocr_line' id='line_1_35' title="bbox 154 2020 864 2069; baseline 0.007 -16"><span class='ocrx_word' id='word_1_281' title='bbox 154 2021 367 2066; x_wconf 82' lang='lat' dir='ltr'><strong>totidemque</strong></span> <span class='ocrx_word' id='word_1_282' title='bbox 393 2020 585 2058; x_wconf 84' lang='lat' dir='ltr'><strong>Pontifices</strong></span> <span class='ocrx_word' id='word_1_283' title='bbox 609 2037 649 2059; x_wconf 86' lang='lat' dir='ltr'><strong>ac</strong></span> <span class='ocrx_word' id='word_1_284' title='bbox 671 2027 784 2069; x_wconf 80' lang='lat' dir='ltr'><strong>Reges</strong></span> <span class='ocrx_word' id='word_1_285' title='bbox 802 2037 864 2058; x_wconf 88' lang='lat' dir='ltr'><strong>nu-</strong></span> 
     </span>
     <span class='ocr_line' id='line_1_36' title="bbox 151 2074 863 2119; baseline 0.008 -15"><span class='ocrx_word' id='word_1_286' title='bbox 151 2074 346 2116; x_wconf 86' lang='lat' dir='ltr'><strong>merabant,</strong></span> <span class='ocrx_word' id='word_1_287' title='bbox 361 2077 451 2119; x_wconf 86' lang='lat' dir='ltr'><strong>quod</strong></span> <span class='ocrx_word' id='word_1_288' title='bbox 469 2077 588 2109; x_wconf 80' lang='lat' dir='ltr'><strong>decem</strong></span> <span class='ocrx_word' id='word_1_289' title='bbox 605 2088 770 2110; x_wconf 83' lang='lat' dir='ltr'><strong>annorum</strong></span> <span class='ocrx_word' id='word_1_290' title='bbox 787 2078 863 2110; x_wconf 87' lang='lat' dir='ltr'><strong>mil-</strong></span> 
     </span>
     <span class='ocr_line' id='line_1_37' title="bbox 152 2124 864 2172; baseline 0.007 -16"><span class='ocrx_word' id='word_1_291' title='bbox 152 2124 201 2156; x_wconf 91' lang='lat' dir='ltr'><strong>lia</strong></span> <span class='ocrx_word' id='word_1_292' title='bbox 223 2125 375 2166; x_wconf 84' lang='lat' dir='ltr'><strong>conficit,</strong></span> <span class='ocrx_word' id='word_1_293' title='bbox 401 2133 435 2159; x_wconf 88' lang='lat' dir='ltr'><strong>et</strong></span> <span class='ocrx_word' id='word_1_294' title='bbox 462 2129 506 2160; x_wconf 85' lang='lat' dir='ltr'><strong>ab</strong></span> <span class='ocrx_word' id='word_1_295' title='bbox 531 2127 686 2162; x_wconf 84' lang='lat' dir='ltr'><strong>Hercule</strong></span> <span class='ocrx_word' id='word_1_296' title='bbox 701 2130 864 2172; x_wconf 81' lang='lat' dir='ltr'><strong>AEgyplio</strong></span> 
     </span>
     <span class='ocr_line' id='line_1_38' title="bbox 154 2175 864 2218; baseline 0.008 -11"><span class='ocrx_word' id='word_1_297' title='bbox 154 2175 198 2207; x_wconf 78' lang='lat' dir='ltr'><strong>ud</strong></span> <span class='ocrx_word' id='word_1_298' title='bbox 223 2176 352 2218; x_wconf 79' lang='lat' dir='ltr'><strong>Regem</strong></span> <span class='ocrx_word' id='word_1_299' title='bbox 370 2178 524 2211; x_wconf 81' lang='lat' dir='ltr'><strong>Amasim</strong></span> <span class='ocrx_word' id='word_1_300' title='bbox 540 2190 706 2213; x_wconf 88' lang='lat' dir='ltr'><strong>annorum</strong></span> <span class='ocrx_word' id='word_1_301' title='bbox 723 2183 774 2213; x_wconf 85' lang='grc'><strong>17.</strong></span> <span class='ocrx_word' id='word_1_302' title='bbox 792 2181 864 2213; x_wconf 88' lang='lat' dir='ltr'><strong>mil-</strong></span> 
     </span>
     <span class='ocr_line' id='line_1_39' title="bbox 152 2227 863 2274; baseline 0.007 -15"><span class='ocrx_word' id='word_1_303' title='bbox 152 2227 211 2260; x_wconf 83' lang='lat' dir='ltr'><strong>lia.</strong></span> <span class='ocrx_word' id='word_1_304' title='bbox 257 2227 314 2260; x_wconf 84' lang='lat' dir='ltr'><strong>Ita</strong></span> <span class='ocrx_word' id='word_1_305' title='bbox 330 2228 467 2270; x_wconf 83' lang='lat' dir='ltr'><strong>quidem</strong></span> <span class='ocrx_word' id='word_1_306' title='bbox 495 2230 706 2269; x_wconf 81' lang='lat' dir='ltr'><strong>Herodotus,</strong></span> <span class='ocrx_word' id='word_1_307' title='bbox 722 2232 780 2274; x_wconf 88' lang='lat' dir='ltr'><strong>qui</strong></span> <span class='ocrx_word' id='word_1_308' title='bbox 796 2237 863 2264; x_wconf 89' lang='lat' dir='ltr'><strong>tes-</strong></span> 
     </span>
     <span class='ocr_line' id='line_1_40' title="bbox 153 2280 865 2324; baseline 0.007 -14"><span class='ocrx_word' id='word_1_309' title='bbox 153 2283 249 2311; x_wconf 80' lang='lat' dir='ltr'><strong>tatur</strong></span> <span class='ocrx_word' id='word_1_310' title='bbox 273 2280 355 2312; x_wconf 86' lang='lat' dir='ltr'><strong>alibi</strong></span> <span class='ocrx_word' id='word_1_311' title='bbox 379 2290 437 2312; x_wconf 88' lang='lat' dir='ltr'><strong>eos</strong></span> <span class='ocrx_word' id='word_1_312' title='bbox 462 2281 583 2314; x_wconf 79' lang='lat' dir='ltr'><strong>decem</strong></span> <span class='ocrx_word' id='word_1_313' title='bbox 600 2292 766 2315; x_wconf 81' lang='lat' dir='ltr'><strong>annorum</strong></span> <span class='ocrx_word' id='word_1_314' title='bbox 792 2293 865 2324; x_wconf 88' lang='lat' dir='ltr'><strong>my-</strong></span> 
     </span>
     <span class='ocr_line' id='line_1_41' title="bbox 154 2330 867 2367; baseline 0.008 -6"><span class='ocrx_word' id='word_1_315' title='bbox 154 2330 269 2362; x_wconf 84' lang='lat' dir='ltr'><strong>riadas</strong></span> <span class='ocrx_word' id='word_1_316' title='bbox 302 2342 508 2365; x_wconf 85' lang='lat' dir='ltr'><strong>numerasse.</strong></span> <span class='ocrx_word' id='word_1_317' title='bbox 554 2334 608 2365; x_wconf 89' lang='lat' dir='ltr'><strong>Ex</strong></span> <span class='ocrx_word' id='word_1_318' title='bbox 626 2334 795 2366; x_wconf 86' lang='lat' dir='ltr'><strong>Cicerone</strong></span> <span class='ocrx_word' id='word_1_319' title='bbox 822 2334 867 2367; x_wconf 89' lang='lat' dir='ltr'><strong>de</strong></span> 
     </span>
     <span class='ocr_line' id='line_1_42' title="bbox 155 2381 867 2428; baseline 0.007 -15"><span class='ocrx_word' id='word_1_320' title='bbox 155 2381 312 2413; x_wconf 82' lang='lat' dir='ltr'><strong>Divinat.</strong></span> <span class='ocrx_word' id='word_1_321' title='bbox 341 2382 398 2415; x_wconf 85' lang='lat' dir='ltr'><strong>lib.</strong></span> <span class='ocrx_word' id='word_1_322' title='bbox 430 2393 455 2416; x_wconf 83' lang='grc' dir='ltr'><strong>ι.</strong></span> <span class='ocrx_word' id='word_1_323' title='bbox 480 2384 762 2427; x_wconf 76' lang='lat' dir='ltr'><strong>‘Quadringinta</strong></span> <span class='ocrx_word' id='word_1_324' title='bbox 789 2395 867 2428; x_wconf 90' lang='lat' dir='ltr'><strong>sep-</strong></span> 
     </span>
     <span class='ocr_line' id='line_1_43' title="bbox 154 2433 867 2480; baseline 0.01 -17"><span class='ocrx_word' id='word_1_325' title='bbox 154 2433 311 2474; x_wconf 80' lang='lat' dir='ltr'><strong>tnaginta</strong></span> <span class='ocrx_word' id='word_1_326' title='bbox 334 2435 441 2467; x_wconf 74' lang='lat' dir='ltr'><strong>millia</strong></span> <span class='ocrx_word' id='word_1_327' title='bbox 467 2445 646 2475; x_wconf 85' lang='lat' dir='ltr'><strong>annorum,</strong></span> <span class='ocrx_word' id='word_1_328' title='bbox 672 2442 711 2470; x_wconf 89' lang='lat' dir='ltr'><strong>ut</strong></span> <span class='ocrx_word' id='word_1_329' title='bbox 736 2438 801 2480; x_wconf 87' lang='lat' dir='ltr'><strong>ipsi</strong></span> <span class='ocrx_word' id='word_1_330' title='bbox 816 2437 867 2470; x_wconf 87' lang='lat' dir='ltr'><strong>di-</strong></span> 
     </span>
     <span class='ocr_line' id='line_1_44' title="bbox 155 2486 868 2530; baseline 0.013 -17"><span class='ocrx_word' id='word_1_331' title='bbox 155 2488 251 2523; x_wconf 82' lang='lat' dir='ltr'><strong>cunt‚</strong></span> <span class='ocrx_word' id='word_1_332' title='bbox 274 2486 502 2519; x_wconf 81' lang='lat' dir='ltr'><strong>monumentis</strong></span> <span class='ocrx_word' id='word_1_333' title='bbox 522 2487 769 2530; x_wconf 79' lang='lat' dir='ltr'><strong>comprehensa</strong></span> <span class='ocrx_word' id='word_1_334' title='bbox 791 2499 868 2522; x_wconf 90' lang='lat' dir='ltr'><strong>con-</strong></span> 
     </span>
     <span class='ocr_line' id='line_1_45' title="bbox 155 2532 291 2566; baseline 0.007 -3"><span class='ocrx_word' id='word_1_335' title='bbox 155 2532 291 2566; x_wconf 64' lang='lat' dir='ltr'><strong>tinent!</strong></span> 
     </span>
    </p>

    <p class='ocr_par' dir='ltr' id='par_1_11' title="bbox 159 2586 869 2787">
     <span class='ocr_line' id='line_1_46' title="bbox 199 2586 866 2633; baseline 0.015 -18"><span class='ocrx_word' id='word_1_336' title='bbox 199 2589 214 2604; x_wconf 81' lang='lat'>⁰</span> <span class='ocrx_word' id='word_1_337' title='bbox 256 2586 436 2630; x_wconf 71' lang='lat' dir='ltr'><strong>Magorum]</strong></span> <span class='ocrx_word' id='word_1_338' title='bbox 475 2589 544 2623; x_wconf 82' lang='lat' dir='ltr'><strong>Qui</strong></span> <span class='ocrx_word' id='word_1_339' title='bbox 574 2588 784 2633; x_wconf 80' lang='lat' dir='ltr'><strong>Astrologiae</strong></span> <span class='ocrx_word' id='word_1_340' title='bbox 814 2591 866 2625; x_wconf 84' lang='lat' dir='ltr'><strong>his</strong></span> 
     </span>
     <span class='ocr_line' id='line_1_47' title="bbox 159 2637 865 2685; baseline 0.013 -18"><span class='ocrx_word' id='word_1_341' title='bbox 159 2637 372 2677; x_wconf 81' lang='lat' dir='ltr'><strong>temporibus</strong></span> <span class='ocrx_word' id='word_1_342' title='bbox 402 2639 622 2674; x_wconf 76' lang='lat' dir='ltr'><strong>habebantur·</strong></span> <span class='ocrx_word' id='word_1_343' title='bbox 648 2643 865 2685; x_wconf 81' lang='lat' dir='ltr'><strong>peritissimi:</strong></span> 
     </span>
     <span class='ocr_line' id='line_1_48' title="bbox 159 2686 869 2728; baseline 0.014 -11"><span class='ocrx_word' id='word_1_344' title='bbox 159 2686 373 2728; x_wconf 78' lang='lat' dir='ltr'><strong>Babylonem</strong></span> <span class='ocrx_word' id='word_1_345' title='bbox 394 2690 438 2721; x_wconf 77' lang='lat' dir='ltr'><strong>ad</strong></span> <span class='ocrx_word' id='word_1_346' title='bbox 455 2691 633 2725; x_wconf 75' lang='lat' dir='ltr'><strong>Chaldaeos</strong></span> <span class='ocrx_word' id='word_1_347' title='bbox 651 2694 786 2726; x_wconf 74' lang='lat' dir='ltr'><strong>venisse</strong></span> <span class='ocrx_word' id='word_1_348' title='bbox 803 2701 869 2727; x_wconf 84' lang='lat' dir='ltr'><strong>tra-</strong></span> 
     </span>
     <span class='ocr_line' id='line_1_49' title="bbox 161 2737 867 2787; baseline 0.016 -19"><span class='ocrx_word' id='word_1_349' title='bbox 161 2737 213 2769; x_wconf 85' lang='lat' dir='ltr'><strong>dit</strong></span> <span class='ocrx_word' id='word_1_350' title='bbox 235 2737 413 2778; x_wconf 51' lang='lat' dir='ltr'><strong>Justinun</strong></span> <span class='ocrx_word' id='word_1_351' title='bbox 438 2742 519 2775; x_wconf 89' lang='lat' dir='ltr'><strong>inde</strong></span> <span class='ocrx_word' id='word_1_352' title='bbox 540 2743 718 2787; x_wconf 66' lang='lat' dir='ltr'><strong>profectus</strong></span> <span class='ocrx_word' id='word_1_353' title='bbox 735 2746 769 2778; x_wconf 92' lang='lat' dir='ltr'><strong>in</strong></span> <span class='ocrx_word' id='word_1_354' title='bbox 786 2747 867 2779; x_wconf 92' lang='lat' dir='ltr'><strong>Cre-</strong></span> 
     </span>
    </p>
   </div>
   <div class='ocr_carea' id='block_1_11' title="bbox 919 2023 1637 2787">
    <p class='ocr_par' dir='ltr' id='par_1_12' title="bbox 919 2023 1637 2787">
     <span class='ocr_line' id='line_1_50' title="bbox 961 2023 1632 2067; baseline -0.007 -8"><span class='ocrx_word' id='word_1_355' title='bbox 961 2027 979 2052; x_wconf 68' lang='grc' dir='ltr'><strong>Ρ</strong></span> <span class='ocrx_word' id='word_1_356' title='bbox 1015 2025 1070 2058; x_wconf 71' lang='lat' dir='ltr'><strong>Aa</strong></span> <span class='ocrx_word' id='word_1_357' title='bbox 1101 2024 1301 2067; x_wconf 78' lang='lat' dir='ltr'><strong>Olympicum</strong></span> <span class='ocrx_word' id='word_1_358' title='bbox 1329 2023 1502 2065; x_wconf 76' lang='lat' dir='ltr'><strong>certamen]</strong></span> <span class='ocrx_word' id='word_1_359' title='bbox 1544 2023 1632 2055; x_wconf 90' lang='lat' dir='ltr'><strong>Cum</strong></span> 
     </span>
     <span class='ocr_line' id='line_1_51' title="bbox 919 2075 1634 2120; baseline -0.006 -10"><span class='ocrx_word' id='word_1_360' title='bbox 919 2077 1080 2120; x_wconf 86' lang='lat' dir='ltr'><strong>frequens</strong></span> <span class='ocrx_word' id='word_1_361' title='bbox 1095 2077 1142 2110; x_wconf 86' lang='lat' dir='ltr'><strong>sit</strong></span> <span class='ocrx_word' id='word_1_362' title='bbox 1165 2076 1256 2118; x_wconf 82' lang='lat' dir='ltr'><strong>apud</strong></span> <span class='ocrx_word' id='word_1_363' title='bbox 1273 2081 1433 2108; x_wconf 84' lang='lat' dir='ltr'><strong>auctores</strong></span> <span class='ocrx_word' id='word_1_364' title='bbox 1451 2075 1634 2118; x_wconf 79' lang='lat' dir='ltr'><strong>olympia-</strong></span> 
     </span>
     <span class='ocr_line' id='line_1_52' title="bbox 920 2128 1635 2168; baseline -0.004 -7"><span class='ocrx_word' id='word_1_365' title='bbox 920 2128 1000 2161; x_wconf 85' lang='lat' dir='ltr'><strong>dum</strong></span> <span class='ocrx_word' id='word_1_366' title='bbox 1018 2128 1160 2168; x_wconf 85' lang='lat' dir='ltr'><strong>mentio,</strong></span> <span class='ocrx_word' id='word_1_367' title='bbox 1175 2132 1211 2160; x_wconf 90' lang='lat' dir='ltr'><strong>et</strong></span> <span class='ocrx_word' id='word_1_368' title='bbox 1235 2137 1296 2160; x_wconf 89' lang='lat' dir='ltr'><strong>nos</strong></span> <span class='ocrx_word' id='word_1_369' title='bbox 1311 2137 1429 2160; x_wconf 83' lang='lat' dir='ltr'><strong>earum</strong></span> <span class='ocrx_word' id='word_1_370' title='bbox 1452 2136 1635 2159; x_wconf 89' lang='lat' dir='ltr'><strong>numerum</strong></span> 
     </span>
     <span class='ocr_line' id='line_1_53' title="bbox 920 2173 1635 2222; baseline -0.003 -10"><span class='ocrx_word' id='word_1_371' title='bbox 920 2180 962 2212; x_wconf 84' lang='lat' dir='ltr'><strong>ad</strong></span> <span class='ocrx_word' id='word_1_372' title='bbox 981 2180 1169 2222; x_wconf 82' lang='lat' dir='ltr'><strong>marginem</strong></span> <span class='ocrx_word' id='word_1_373' title='bbox 1185 2173 1408 2220; x_wconf 82' lang='lat' dir='ltr'><strong>ascribamus,</strong></span> <span class='ocrx_word' id='word_1_374' title='bbox 1423 2188 1540 2221; x_wconf 82' lang='lat' dir='ltr'><strong>operoe</strong></span> <span class='ocrx_word' id='word_1_375' title='bbox 1556 2188 1635 2221; x_wconf 88' lang='lat' dir='ltr'><strong>pre-</strong></span> 
     </span>
     <span class='ocr_line' id='line_1_54' title="bbox 921 2230 1636 2273; baseline -0.001 -11"><span class='ocrx_word' id='word_1_376' title='bbox 921 2230 1006 2263; x_wconf 88' lang='lat' dir='ltr'><strong>tium</strong></span> <span class='ocrx_word' id='word_1_377' title='bbox 1023 2234 1090 2270; x_wconf 88' lang='lat' dir='ltr'><strong>est,</strong></span> <span class='ocrx_word' id='word_1_378' title='bbox 1105 2241 1126 2262; x_wconf 88' lang='lat' dir='ltr'><strong>a</strong></span> <span class='ocrx_word' id='word_1_379' title='bbox 1151 2241 1233 2273; x_wconf 89' lang='lat' dir='ltr'><strong>quo,</strong></span> <span class='ocrx_word' id='word_1_380' title='bbox 1255 2230 1406 2273; x_wconf 86' lang='lat' dir='ltr'><strong>quando,</strong></span> <span class='ocrx_word' id='word_1_381' title='bbox 1424 2230 1482 2262; x_wconf 90' lang='lat' dir='ltr'><strong>ubi</strong></span> <span class='ocrx_word' id='word_1_382' title='bbox 1498 2230 1636 2262; x_wconf 85' lang='lat' dir='ltr'><strong>institu-</strong></span> 
     </span>
     <span class='ocr_line' id='line_1_55' title="bbox 921 2281 1636 2324; baseline -0.003 -10"><span class='ocrx_word' id='word_1_383' title='bbox 921 2286 967 2314; x_wconf 83' lang='lat' dir='ltr'><strong>tae</strong></span> <span class='ocrx_word' id='word_1_384' title='bbox 991 2281 1074 2321; x_wconf 83' lang='lat' dir='ltr'><strong>sint,</strong></span> <span class='ocrx_word' id='word_1_385' title='bbox 1099 2291 1246 2324; x_wconf 67' lang='lat' dir='ltr'><strong>quaeque</strong></span> <span class='ocrx_word' id='word_1_386' title='bbox 1270 2282 1311 2314; x_wconf 81' lang='lat' dir='ltr'><strong>ad</strong></span> <span class='ocrx_word' id='word_1_387' title='bbox 1334 2292 1451 2314; x_wconf 83' lang='lat' dir='ltr'><strong>earum</strong></span> <span class='ocrx_word' id='word_1_388' title='bbox 1467 2281 1636 2323; x_wconf 85' lang='lat' dir='ltr'><strong>cognitio-</strong></span> 
     </span>
     <span class='ocr_line' id='line_1_56' title="bbox 922 2332 1635 2376; baseline -0.004 -10"><span class='ocrx_word' id='word_1_389' title='bbox 922 2343 1000 2366; x_wconf 91' lang='lat' dir='ltr'><strong>nem</strong></span> <span class='ocrx_word' id='word_1_390' title='bbox 1029 2333 1238 2375; x_wconf 83' lang='lat' dir='ltr'><strong>pertineant‚</strong></span> <span class='ocrx_word' id='word_1_391' title='bbox 1279 2334 1455 2376; x_wconf 83' lang='lat' dir='ltr'><strong>explicare</strong></span> <span class='ocrx_word' id='word_1_392' title='bbox 1494 2332 1635 2374; x_wconf 82' lang='lat' dir='ltr'><strong>paucis3</strong></span> 
     </span>
     <span class='ocr_line' id='line_1_57' title="bbox 923 2385 1634 2419; baseline -0.001 -1"><span class='ocrx_word' id='word_1_393' title='bbox 923 2390 1034 2419; x_wconf 81' lang='lat' dir='ltr'><strong>totum</strong></span> <span class='ocrx_word' id='word_1_394' title='bbox 1051 2395 1132 2418; x_wconf 86' lang='lat' dir='ltr'><strong>vero</strong></span> <span class='ocrx_word' id='word_1_395' title='bbox 1147 2386 1237 2418; x_wconf 88' lang='lat' dir='ltr'><strong>hunc</strong></span> <span class='ocrx_word' id='word_1_396' title='bbox 1258 2386 1370 2418; x_wconf 91' lang='lat' dir='ltr'><strong>locum</strong></span> <span class='ocrx_word' id='word_1_397' title='bbox 1387 2396 1430 2418; x_wconf 84' lang='lat' dir='ltr'><strong>ex</strong></span> <span class='ocrx_word' id='word_1_398' title='bbox 1447 2385 1574 2418; x_wconf 82' lang='lat' dir='ltr'><strong>nostris</strong></span> <span class='ocrx_word' id='word_1_399' title='bbox 1590 2385 1634 2417; x_wconf 89' lang='lat' dir='ltr'><strong>ad</strong></span> 
     </span>
     <span class='ocr_line' id='line_1_58' title="bbox 921 2436 1636 2471; baseline -0.003 -1"><span class='ocrx_word' id='word_1_400' title='bbox 921 2437 1099 2471; x_wconf 72' lang='lat' dir='ltr'><strong>,lustinum</strong></span> <span class='ocrx_word' id='word_1_401' title='bbox 1126 2437 1216 2469; x_wconf 80' lang='lat' dir='ltr'><strong>notis</strong></span> <span class='ocrx_word' id='word_1_402' title='bbox 1234 2437 1277 2470; x_wconf 89' lang='lat' dir='ltr'><strong>ad</strong></span> <span class='ocrx_word' id='word_1_403' title='bbox 1300 2437 1443 2470; x_wconf 89' lang='lat' dir='ltr'><strong>verbum</strong></span> <span class='ocrx_word' id='word_1_404' title='bbox 1467 2436 1636 2469; x_wconf 85' lang='lat' dir='ltr'><strong>describi-</strong></span> 
     </span>
     <span class='ocr_line' id='line_1_59' title="bbox 922 2487 1637 2530; baseline -0.003 -9"><span class='ocrx_word' id='word_1_405' title='bbox 922 2498 1009 2521; x_wconf 86' lang='lat' dir='ltr'><strong>mus.</strong></span> <span class='ocrx_word' id='word_1_406' title='bbox 1026 2490 1057 2520; x_wconf 89' lang='lat'><strong>1.</strong></span> <span class='ocrx_word' id='word_1_407' title='bbox 1075 2487 1162 2520; x_wconf 88' lang='lat' dir='ltr'><strong>Ludi</strong></span> <span class='ocrx_word' id='word_1_408' title='bbox 1185 2488 1373 2530; x_wconf 86' lang='lat' dir='ltr'><strong>Olympici,</strong></span> <span class='ocrx_word' id='word_1_409' title='bbox 1397 2491 1488 2520; x_wconf 82' lang='lat' dir='ltr'><strong>teste</strong></span> <span class='ocrx_word' id='word_1_410' title='bbox 1505 2487 1637 2520; x_wconf 62' lang='lat' dir='ltr'><strong>Pausa„</strong></span> 
     </span>
     <span class='ocr_line' id='line_1_60' title="bbox 923 2540 1634 2583; baseline -0.001 -9"><span class='ocrx_word' id='word_1_411' title='bbox 923 2540 994 2583; x_wconf 88' lang='lat' dir='ltr'><strong>nia,</strong></span> <span class='ocrx_word' id='word_1_412' title='bbox 1011 2541 1056 2574; x_wconf 87' lang='lat' dir='ltr'><strong>ab</strong></span> <span class='ocrx_word' id='word_1_413' title='bbox 1081 2542 1234 2574; x_wconf 86' lang='lat' dir='ltr'><strong>Hercule</strong></span> <span class='ocrx_word' id='word_1_414' title='bbox 1263 2551 1330 2574; x_wconf 87' lang='lat' dir='ltr'><strong>uno</strong></span> <span class='ocrx_word' id='word_1_415' title='bbox 1356 2552 1400 2574; x_wconf 84' lang='lat' dir='ltr'><strong>ex</strong></span> <span class='ocrx_word' id='word_1_416' title='bbox 1417 2541 1521 2574; x_wconf 81' lang='lat' dir='ltr'><strong>Idaeis</strong></span> <span class='ocrx_word' id='word_1_417' title='bbox 1539 2541 1634 2573; x_wconf 80' lang='lat' dir='ltr'><strong>Dac-</strong></span> 
     </span>
     <span class='ocr_line' id='line_1_61' title="bbox 922 2591 1636 2635; baseline -0.001 -10"><span class='ocrx_word' id='word_1_418' title='bbox 922 2593 1004 2635; x_wconf 80' lang='lat' dir='ltr'><strong>tylis</strong></span> <span class='ocrx_word' id='word_1_419' title='bbox 1020 2592 1191 2625; x_wconf 79' lang='lat' dir='ltr'><strong>instituti:</strong></span> <span class='ocrx_word' id='word_1_420' title='bbox 1215 2598 1287 2624; x_wconf 88' lang='lat' dir='ltr'><strong>tum</strong></span> <span class='ocrx_word' id='word_1_421' title='bbox 1300 2603 1320 2624; x_wconf 85' lang='lat' dir='ltr'><strong>a</strong></span> <span class='ocrx_word' id='word_1_422' title='bbox 1332 2592 1486 2634; x_wconf 80' lang='lat' dir='ltr'><strong>Pelope;</strong></span> <span class='ocrx_word' id='word_1_423' title='bbox 1507 2591 1636 2625; x_wconf 85' lang='lat' dir='ltr'><strong>deinde</strong></span> 
     </span>
     <span class='ocr_line' id='line_1_62' title="bbox 923 2642 1634 2685; baseline -0.001 -9"><span class='ocrx_word' id='word_1_424' title='bbox 923 2644 966 2676; x_wconf 83' lang='lat' dir='ltr'><strong>ab</strong></span> <span class='ocrx_word' id='word_1_425' title='bbox 993 2643 1148 2676; x_wconf 86' lang='lat' dir='ltr'><strong>Hercule</strong></span> <span class='ocrx_word' id='word_1_426' title='bbox 1178 2643 1393 2685; x_wconf 82' lang='lat' dir='ltr'><strong>posteriore:</strong></span> <span class='ocrx_word' id='word_1_427' title='bbox 1425 2643 1561 2676; x_wconf 88' lang='lat' dir='ltr'><strong>demum</strong></span> <span class='ocrx_word' id='word_1_428' title='bbox 1589 2642 1634 2675; x_wconf 80' lang='lat' dir='ltr'><strong>ab</strong></span> 
     </span>
     <span class='ocr_line' id='line_1_63' title="bbox 923 2693 1633 2737; baseline -0.001 -11"><span class='ocrx_word' id='word_1_429' title='bbox 923 2695 1039 2737; x_wconf 89' lang='lat' dir='ltr'><strong>Iphito</strong></span> <span class='ocrx_word' id='word_1_430' title='bbox 1058 2694 1201 2734; x_wconf 86' lang='lat' dir='ltr'><strong>Eliensi,</strong></span> <span class='ocrx_word' id='word_1_431' title='bbox 1219 2704 1284 2726; x_wconf 87' lang='lat' dir='ltr'><strong>uuo</strong></span> <span class='ocrx_word' id='word_1_432' title='bbox 1312 2703 1353 2726; x_wconf 91' lang='lat' dir='ltr'><strong>ex</strong></span> <span class='ocrx_word' id='word_1_433' title='bbox 1372 2693 1521 2736; x_wconf 81' lang='lat' dir='ltr'><strong>posteris</strong></span> <span class='ocrx_word' id='word_1_434' title='bbox 1543 2693 1633 2725; x_wconf 86' lang='lat' dir='ltr'><strong>Her-</strong></span> 
     </span>
     <span class='ocr_line' id='line_1_64' title="bbox 924 2745 1634 2787; baseline -0.001 -9"><span class='ocrx_word' id='word_1_435' title='bbox 924 2746 1021 2782; x_wconf 81' lang='lat' dir='ltr'><strong>culis,</strong></span> <span class='ocrx_word' id='word_1_436' title='bbox 1039 2746 1066 2779; x_wconf 86' lang='lat' dir='ltr'><strong>si</strong></span> <span class='ocrx_word' id='word_1_437' title='bbox 1086 2745 1236 2779; x_wconf 84' lang='lat' dir='ltr'><strong>Eusebio</strong></span> <span class='ocrx_word' id='word_1_438' title='bbox 1249 2745 1433 2787; x_wconf 84' lang='lat' dir='ltr'><strong>credimus,</strong></span> <span class='ocrx_word' id='word_1_439' title='bbox 1447 2746 1634 2779; x_wconf 79' lang='lat' dir='ltr'><strong>restaurati</strong></span> 
     </span>
    </p>
   </div>
  </div>
 </body>
</html>
