1878 3132
615 575 1002 636 VALERII
1075 577 1430 638 ΜΑΧΙΜΙ

291 755 649 802 FACTORUM
701 759 1186 813 DICTORUMQUE
1235 755 1764 805 MEMORABILIUM.

836 947 1059 998 LIBER
1113 948 1220 998 IX.

912 1283 1051 1328 CAP.
1084 1284 1125 1328 I.

585 1410 672 1453 DE
703 1408 1011 1453 LUXURIA
1042 1409 1123 1452 ΕΤ
1154 1409 1468 1452 LIBIDINE.

400 1554 579 1579 exempm
602 1554 759 1579 ROMANA
777 1555 880 1579 smwr.
1069 1547 1090 1577 9
1112 1545 1152 1579 1..
1165 1543 1325 1578 Catilina.

313 1609 331 1638 1
357 1605 396 1639 C.
413 1606 554 1648 Sergius
571 1605 692 1639 Orata.
1418 1631 1420 1633 -

309 1653 331 1682 2
354 1650 495 1682 Clodius
513 1648 630 1694 AEsopi
649 1648 812 1691 Tragoedi
827 1649 866 1682 F.
1308 1640 1492 1665 nxmmu.

312 1696 331 1725 3
357 1694 523 1726 Mulieres
549 1694 636 1736 legis
667 1693 794 1736 Oppiae
821 1701 997 1735 oppugna·
1071 1693 1088 1723 1
1114 1689 1293 1722 Hannibal
1315 1690 1445 1723 Poenus
1460 1691 1667 1725 Hamilcaris
1679 1692 1720 1726 F.

378 1737 492 1770 trices.
1070 1737 1091 1766 2
1114 1734 1360 1766 Vulsinienses.

310 1783 331 1812 4
355 1780 420 1814 Cn.
435 1780 609 1813 Domitius
629 1784 665 1812 et
682 1781 721 1813 L.
736 1780 882 1813 Crassus
899 1788 995 1812 cens.
1072 1779 1092 1809 3
1115 1778 1254 1810 Xerxes
1270 1777 1454 1810 Persarum
1466 1787 1541 1811 rex.

313 1827 332 1855 5
357 1824 402 1858 Q.
418 1824 582 1857 Metellus
598 1824 696 1856 Pius.
1071 1823 1093 1852 4
1118 1821 1310 1854 Antiochus
1320 1821 1430 1863 Syriae
1445 1830 1520 1854 rex.

310 1870 332 1898 6
355 1867 394 1900 C.
411 1868 612 1900 Scribonius
627 1863 847 1899 Curio'filius.
989 1896 996 1902 κ
1072 1867 1091 1895 5
1115 1865 1327 1897 Ptolemaeus
1342 1864 1483 1907 AEgypti
1500 1874 1573 1898 rex,

311 1913 332 1943 ⁷
357 1911 400 1943 Ρ.
416 1911 527 1943 Clodii
532 1911 716 1953 judicium.
1073 1910 1095 1938 6
1117 1907 1285 1949 AEgyptii.

312 1956 333 1985 8
357 1954 534 1987 Gemellus
550 1955 661 1987 viator
676 1952 891 1988 tribunicius.
1074 1953 1095 1983 ⁷
1120 1951 1250 1993 Cyprii.

289 2062 454 2121 BLAN
463 2091 570 2122 DUM
594 2079 728 2122 etiam
747 2079 913 2121 malum
928 2076 1118 2127 luxuria,
1137 2089 1271 2131 quam
1292 2087 1507 2118 accusare
1528 2074 1757 2130 aliquanto
1797 2118 1802 2123 ,

288 2146 469 2190 facilius
495 2151 577 2199 est,
601 2161 735 2202 quam
757 2148 910 2198 vitare,
940 2145 1064 2201 operi
1085 2149 1237 2186 nostro
1256 2144 1504 2186 inseratur:
1534 2155 1626 2185 non
1657 2143 1758 2199 qui-

290 2215 392 2258 dem
412 2220 464 2258 ut
485 2216 624 2258 ullum
642 2217 850 2258 honorem
868 2214 1074 2270 recipiat,
1108 2213 1185 2255 sed
1218 2217 1271 2254 ut
1304 2213 1500 2268 seipsam
1519 2224 1758 2267 recognos-

292 2297 401 2327 cens
421 2284 479 2327 ad
498 2284 811 2340 poenitentiam
834 2282 1004 2338 impelli
1033 2281 1195 2337 possit.
1253 2279 1284 2323 J
1286 2285 1478 2335 ungatur
1503 2280 1571 2322 illi
1589 2280 1757 2323 libido:

292 2353 507 2408 quoniam
527 2366 585 2395 ex
605 2351 766 2394 iisdem
786 2352 997 2393 vitiorum
1018 2349 1253 2405 principiis
1273 2350 1439 2391 oritur:
1467 2361 1612 2404 neque
1630 2351 1709 2391 aut
1729 2361 1758 2391 a.

291 2421 652 2476 reprehensione,
670 2423 749 2462 aut
768 2419 825 2461 ab
846 2418 1154 2461 emendatione
1171 2421 1435 2472 separentur
1448 2416 1619 2472 gemino
1633 2429 1758 2459 men-

291 2490 349 2533 tis
369 2502 516 2531 errore
536 2501 770 2531 conuexae.

351 2558 390 2599 1.
423 2557 474 2600 C.
493 2557 673 2611 Sergius
694 2555 862 2598 Orataa
893 2553 1086 2610 pensilia
1100 2554 1263 2597 balnea
1282 2554 1452 2608 primus
1466 2553 1611 2596 facere
1631 2553 1758 2596 insti·

954 2659 1098 2693 NOTAE

337 2731 352 2748 ²
378 2727 416 2759 C'.
442 2727 575 2769 Sergius
607 2728 723 2771 Orata]
758 2727 862 2769 Cujus
889 2736 1000 2759 mores
1054 2724 1208 2768 gustinus
1239 2724 1274 2757 in
1301 2723 1389 2756 libro
1427 2723 1471 2760 de
1510 2725 1624 2757 Beata
1650 2724 1756 2757 Vita:

293 2777 346 2810 his
386 2778 500 2811 verbis
536 2778 727 2822 descripsit
756 2779 901 2812 Sanctus
928 2776 999 2810 Au·
1051 2776 1062 2795 ⁴
1079 2776 1196 2809 Homo
1211 2775 1409 2818 ditissimus,
1423 2775 1684 2818 amoenissimus,
1698 2775 1758 2809 de·
