1878 3132
294 150 381 195 818
683 163 893 196 vimnau
927 163 1121 196 ΜΑΧιΜι
1158 164 1253 195 mn.
1284 164 1393 196 v111.

296 273 387 316 qua
407 259 461 303 de
480 274 526 303 re
547 261 742 318 quisque
763 262 918 306 audire
937 263 1084 315 vellet,
1107 275 1248 305 ausus
1269 262 1342 313 sit,
1364 260 1572 304 universa
1591 260 1770 304 Graecia

295 330 343 371 in
375 331 546 386 templo
577 331 787 387 Delphici
807 330 1036 387 Apollinis
1058 334 1250 374 statuam
1288 326 1434 373 solido
1465 342 1526 372 ex
1559 342 1669 373 auro
1688 342 1771 386 po-

293 399 410 453 suit;
443 413 545 442 cum
567 404 811 443 ceterorum
832 401 889 443 ad
906 400 954 442 id
975 405 1152 455 tempus
1174 402 1356 442 auratas
1379 398 1660 443 collocasset.
1675 401 1691 434 t

351 468 398 511 3.
430 468 601 512 Eadem
646 483 756 524 gens
769 469 802 500 ³⁸
846 481 1021 511 summo
1053 478 1273 510 consensu
1318 466 1377 509 ad
1422 463 1772 521 Amphiaraum*

296 537 597 581 decorandum
615 538 844 591 incubuit3
875 538 1040 588 locum,
1058 537 1106 579 in
1125 549 1216 591 quo
1235 535 1449 578 humatus
1461 539 1481 558 ¹²
1504 538 1592 585 est,
1613 534 1662 576 in
1679 533 1772 577 for-

294 620 414 650 mam
435 607 828 662 conditionemque
846 605 1003 661 templi
1023 604 1283 659 redigendo,
1304 607 1436 660 atque
1464 602 1569 645 inde
1589 600 1772 645 oracula

295 677 397 732 capi
418 676 709 719 instituendo.
768 674 914 730 Cujus
935 674 1109 717 cineres
1125 678 1159 706 ³⁹
1188 672 1308 714 idem
1322 671 1504 714 honoris
1523 662 1773 726 possident,

296 745 422 800 quod
442 745 646 801 Pythicae
671 744 894 794 cortinae,v
935 743 1059 798 quod
1098 743 1282 784 aheno*
1317 740 1612 792 Dodonae,40²‘
1649 738 1772 796 quod

296 813 566 857 Hammonis
585 812 700 856 fonti
713 818 730 844 ἲ
752 812 915 855 datum
1686 822 1689 824 ⁴

907 921 1130 933 moeom
1134 921 1162 933 α·

295 989 370 1023 Cic.
392 990 437 1023 de
461 990 564 1024 Orat.
582 999 608 1023 ¹.
625 993 677 1023 22.
695 989 738 1022 de
763 989 839 1022 Fin.
864 998 908 1021 11.
934 988 979 1021 1.’
1003 989 1202 1030 Kapp.-38
1224 987 1323 1019 Harl.
1348 990 1498 1028 uterque
1523 985 1633 1018 Paris.
1661 984 1771 1018 Barb.

294 1034 396 1074 prim.
435 1034 556 1066 Eadem
582 1034 678 1066 etiam
704 1043 794 1074 gens.
838 1031 985 1074 Aliquot
1006 1032 1093 1064 Mss.
1109 1041 1187 1063 cum
1205 1031 1301 1072 Mog.
1327 1031 1426 1062 locum
1446 1040 1505 1071 quo
1530 1029 1677 1061 humatus
1699 1031 1770 1060 est:

294 1078 420 1118 Ultraj.
438 1078 538 1119 prim.
555 1082 592 1110 et
607 1078 706 1118 Mog.
729 1076 954 1109 oracula-39
976 1076 1034 1108 Sic
1053 1075 1194 1115 Pighius
1205 1086 1214 1114 ;
1238 1074 1320 1106 alii:
1344 1073 1423 1113 Ejus
1437 1073 1577 1111 cinerem
1605 1071 1665 1104 sed
1680 1072 1769 1104 alte-

293 1131 369 1153 rum
386 1120 528 1154 firmant
543 1120 645 1153 codd.
669 1121 820 1153 Tor-ren.
836 1129 912 1151 cum
930 1119 1028 1160 Mog.
1045 1123 1082 1150 et
1096 1118 1328 1151 Medi01.—-40
1352 1118 1362 1134 ‘
1374 1115 1483 1149 Codd.
1499 1114 1574 1148 fere
1590 1124 1706 1148 omnes
1721 1114 1770 1147 vi-

294 1165 397 1205 tiose,
411 1166 491 1206 quod
505 1165 640 1198 Athenae
655 1165 799 1197 Dodonoe
809 1174 820 1195 .-
832 1163 958 1203 Ultraj.
975 1172 1041 1195 sec.
1055 1163 1137 1204 quod
1147 1161 1285 1194 Athenis
1299 1159 1463 1198 ,·Itidem‚
1478 1160 1561 1201 quod
1575 1157 1768 1191 Hammonis

286 1208 394 1249 fronti
405 1210 511 1241 datur.
548 1209 644 1250 Mog.
659 1209 741 1251 quod
753 1207 889 1240 Athenis
904 1207 1057 1244 Dodone;
1078 1206 1158 1247 quod
1173 1204 1362 1237 Hammonis
1376 1203 1484 1242 fronti
1498 1204 1605 1235 datur.
1636 1202 1768 1235 Verum

294 1252 378 1284 nihil
402 1261 582 1284 commune
608 1257 663 1284 est
682 1250 818 1284 Athenis
833 1259 910 1282 cum
927 1250 1091 1282 Dodonaeo
1106 1249 1244 1281 oraculo.
1257 1247 1348 1290 quod
1364 1246 1397 1278 in
1414 1246 1522 1287 Epiro
1539 1245 1645 1277 fuisse
1660 1245 1769 1278 omni-

292 1296 356 1331 bus
369 1301 424 1329 est
438 1295 653 1330 notissimum
667 1306 677 1328 z
693 1294 782 1334 fonti
800 1299 915 1327 tamen
931 1291 1103 1335 praefero-¹
1129 1293 1346 1324 Turrem—41
1370 1289 1479 1322 Codd.
1495 1289 1650 1332 plerique
1666 1289 1768 1321 Bere-

960 1400 1107 1435 NOTAE

339 1485 353 1516 †
383 1481 451 1514 Au.
469 1482 520 1515 M.
535 1484 632 1514 3627.
658 1481 716 1515 Ol.
732 1484 786 1514 88.
802 1483 834 1514 2.
860 1479 946 1513 Urb.
965 1479 1003 1512 C.
1062 1477 1211 1510 Dodone
1228 1477 1378 1519 Europae
1389 1475 1556 1519 Jovisque
1572 1474 1654 1514 tilio,
1669 1474 1724 1508 vel
1749 1484 1770 1507 a

294 1537 372 1566 326.
403 1534 487 1566 Ant.
505 1533 566 1566 Ch.
581 1535 659 1565 426.
1059 1528 1232 1562 Dodanim
1254 1527 1327 1560 filio
1352 1527 1480 1569 Javan,
1496 1536 1621 1560 nomen
1645 1525 1771 1560 sortita

352 1585 363 1604 ῑ
397 1583 649 1626 Amphiaraum]
674 1583 839 1616 Graecum
873 1583 1003 1624 vatem,
1059 1585 1123 1613 est.

294 1645 396 1679 quem
424 1636 478 1668 vel
504 1636 651 1668 invitum
678 1635 754 1667 Rex
770 1633 942 1667 Adrastus
959 1633 1004 1665 ad
1101 1637 1116 1660 v
1142 1632 1328 1664 Hammonis
1350 1629 1458 1671 fonti]
1494 1630 1550 1662 De
1579 1627 1770 1671 Ammonis,

293 1688 422 1721 bellum
436 1687 635 1720 Thebanum
650 1686 808 1718 duxerat.

337 1744 354 1761 ¹
376 1739 491 1772 Locum
521 1739 556 1771 in
587 1749 646 1780 quo
669 1736 831 1778 humatus]
870 1736 1002 1777 Primo,

293 1800 362 1834 quo
377 1789 421 1822 ad
436 1789 571 1822 Thebas
589 1788 684 1822 venit
699 1788 769 1829 die,
789 1787 884 1819 hiatu
901 1791 1002 1819 terrae

295 1852 374 1874 cum
398 1840 500 1873 armis
523 1844 559 1873 et
584 1849 688 1872 curru
717 1839 901 1880 absorptus
927 1841 1003 1878 est;

294 1892 413 1935 ibique
440 1891 631 1932 conditum,
669 1899 739 1922 non
770 1889 952 1930 templum,
975 1888 1003 1920 si

293 1943 484 1976 Plutarcho
523 1942 708 1982 credimus,
738 1940 800 1973 sed
825 1939 1002 1983 oppidum,

294 1994 350 2027 cui
367 2004 387 2026 a
403 2003 507 2027 curru
521 2002 645 2025 nomen
661 1994 670 2010 ‘
686 1991 843 2033 Harma‚'
873 1990 1004 2024 factum

297 2051 364 2078 est.

337 2101 354 2117 V
375 2096 524 2140 Pythicoe
536 2095 682 2138 cortinae]
702 2094 787 2127 Pars
802 2097 879 2126 erat
893 2102 1005 2126 secre-

296 2147 365 2181 tior
377 2148 498 2190 templi
514 2146 694 2189 Delphici.

338 2203 359 2219 w
382 2197 507 2239 Aheno]
531 2198 609 2230 Hoc
633 2201 699 2238 est,
716 2205 807 2229 aereo
823 2195 1005 2228 simulacro

293 2251 330 2287 in
344 2249 491 2282 formam
506 2253 566 2282 aut
594 2248 760 2281 columbae
784 2252 845 2279 aut
867 2247 1006 2288 lebetis,

296 2311 339 2335 ex
355 2301 455 2343 cujus
471 2299 600 2332 tinnitu
621 2298 739 2331 futura
755 2298 1007 2340 praedicebant.

337 2357 355 2374 ¹
378 2351 539 2393 Dodonae]
563 2349 694 2383 Civitas
709 2348 777 2381 fuit
793 2350 829 2381 in
854 2348 1007 2381 Chaonia

295 2402 397 2445 Epiri
419 2401 573 2443 regione,
600 2405 744 2442 propter
759 2408 859 2441 quam
886 2408 1006 2430 nemus

295 2453 377 2488 Jovi
402 2462 551 2493 sacrum,
579 2451 614 2483 in
635 2460 701 2493 quo
726 2450 892 2491 templum
908 2449 1006 2481 Jovis

294 2504 404 2536 fuisse
423 2502 649 2545 perhibetur;
673 2505 710 2534 et
726 2501 761 2533 in
778 2510 818 2532 eo
833 2500 1006 2533 oraculum

297 2554 462 2596 omnium,
492 2564 569 2597 quae
595 2552 687 2595 apud
716 2551 859 2584 Graecos
895 2553 1007 2591 erant,

297 2605 589 2640 vetustissimum:
636 2604 720 2637 duas
755 2602 804 2635 ibi
833 2601 1009 2635 columbas

302 2658 434 2691 fudisse
457 2657 593 2689 oracula
620 2654 832 2695 fabulantur,
867 2662 1011 2695 quarum

298 2710 409 2742 altera
436 2708 607 2749 Delphos,
632 2707 743 2738 altera
773 2705 809 2736 in
834 2703 1012 2736 Ammonis

301 2760 469 2802 templum
497 2758 698 2791 evolaverit.
742 2756 901 2797 Dodona,
919 2756 971 2787 vel
994 2764 1013 2788 a

1059 1683 1136 1717 sive
1152 1682 1353 1716 Hammonis
1366 1680 1442 1725 (alii
1457 1681 1550 1714 enim
1572 1680 1673 1713 aliter
1686 1680 1769 1713 scri-

1057 1735 1164 1776 bunt)
1178 1734 1319 1767 oraculo
1334 1732 1487 1766 nonnihil
1497 1741 1602 1774 supra
1611 1730 1772 1764 diximus.

1058 1788 1116 1820 De
1132 1786 1231 1821 fonte
1251 1795 1334 1818 vero
1347 1785 1424 1818 haec
1438 1782 1546 1816 habet
1561 1783 1604 1817 Q.
1627 1781 1769 1815 Curtius

1057 1839 1118 1872 lib.
1134 1848 1185 1871 ιν.
1210 1847 1242 1870 c.
1255 1840 1309 1870 30.
1332 1836 1343 1854 ‘
1360 1837 1423 1868 Est
1450 1834 1542 1868 aliud
1567 1833 1770 1868 Hammonis

1057 1898 1176 1921 nemus
1188 1898 1197 1928 ;
1211 1887 1246 1920 in
1258 1886 1370 1919 medio
1380 1885 1485 1918 habet
1494 1883 1640 1926 fontem,
1646 1892 1771 1927 aquam

1058 1939 1147 1972 Solis
1163 1942 1310 1971 vocant:
1341 1937 1404 1970 sub
1419 1936 1506 1969 lucis
1522 1939 1636 1969 ortum
1653 1933 1774 1977 tepida
1818 1957 1826 1962 .

1058 1994 1198 2031 manat3
1220 1989 1334 2023 medio
1356 1988 1428 2030 die,
1442 1998 1521 2021 cum
1543 1986 1770 2020 vehementis·

1059 2042 1163 2075 simus
1179 2046 1232 2074 est
1255 2041 1363 2081 calor,
1385 2038 1511 2081 frigida
1529 2037 1650 2071 eadem
1665 2035 1744 2070 fluit
1761 2046 1772 2076 3

1060 2093 1224 2126 inclinato
1240 2092 1275 2124 in
1302 2100 1482 2133 vesperam
1507 2089 1651 2123 calescit
1661 2100 1672 2130 3
1700 2096 1773 2120 me-

1060 2143 1117 2176 dia
1143 2146 1245 2176 nocte
1268 2141 1401 2174 fervida
1416 2144 1610 2174 exaestuat:
1637 2146 1774 2182 qnoque

1061 2193 1204 2236 propius
1218 2203 1288 2225 nox
1300 2192 1413 2234 vergit
1428 2191 1471 2223 ad
1484 2191 1608 2231 lucem,
1626 2189 1773 2222 multum

1061 2254 1105 2277 ex
1129 2250 1299 2277 nocturno
1326 2243 1442 2275 calore
1463 2241 1648 2283 decrescit,
1662 2239 1773 2273 donec

1060 2296 1123 2330 sub
1150 2297 1262 2338 ipsum
1291 2294 1362 2327 diei
1386 2297 1498 2326 ortum
1522 2285 1658 2325 assueto
1684 2295 1770 2324 tem-

1059 2357 1144 2390 pore
1170 2345 1393 2388 languescat?
1433 2344 1490 2376 De
1520 2343 1612 2376 illius
1639 2341 1773 2375 oraculi

1062 2399 1207 2439 origine,
1222 2397 1334 2440 deque
1359 2394 1508 2428 numinis
1535 2394 1644 2436 ipsius
1658 2391 1772 2425 forma

1062 2454 1099 2482 et
1116 2449 1251 2481 nomine
1266 2447 1407 2481 consule
1420 2444 1605 2478 Tellerium
1620 2447 1772 2476 nostrum

1062 2500 1097 2532 in
1112 2499 1181 2532 suis
1207 2498 1251 2531 ad
1279 2499 1323 2532 Q.
1349 2496 1508 2530 Curtium
1535 2494 1626 2527 notis
1640 2493 1700 2526 lib.
1715 2503 1771 2526 lv.

1062 2560 1094 2583 c.
1111 2553 1165 2583 28.
1182 2554 1219 2582 et
1234 2546 1468 2591 sequentibus,
1480 2545 1539 2578 ubi
1554 2544 1679 2586 omnia,
1692 2554 1771 2587 quae

1064 2601 1107 2634 ad
1122 2601 1186 2633 hoc
1213 2599 1390 2633 oraculum
1406 2597 1599 2639 pertinent,
1627 2595 1772 2637 diligen-

1064 2655 1120 2683 ter
1135 2655 1171 2683 et
1187 2650 1351 2691 docte‚ut
1367 2647 1465 2685 solet,
1481 2646 1663 2688 explicuit.

1110 2706 1124 2741 ss
1149 2700 1278 2734 An.M.
1295 2701 1393 2734 3768.
1413 2697 1495 2731 Ant.
1513 2697 1576 2731 Ch.
1588 2699 1686 2731 1285.
