1878 3132
249 159 336 204 730
646 155 857 203 VAnEm'l
892 172 1086 204 MAXIM}
1124 173 1216 204 Lm.
1239 173 1328 207 vn.

249 279 385 320 opera
406 265 508 322 ejus
524 270 571 308 et
589 267 780 310 consilio
802 269 1104 324 compluribus
1126 270 1316 325 privatis
1336 274 1529 314 vexatus
1548 270 1722 322 litibus,

253 333 312 376 ad
332 334 627 392 ultimumque
645 336 849 397 subjecto
866 343 1128 381 accusatore
1140 337 1155 362 ὅ
1186 339 1368 394 capitali
1386 339 1571 382 crimine
1590 352 1724 383 accu-

252 407 396 455 satus,
418 405 655 459 praeteritis
675 405 906 450 advocatis
927 412 970 450 et
988 407 1189 462 patronis
1207 412 1239 438 ¹⁵
1272 408 1384 460 suis,
1406 408 1551 450 solum
1582 407 1725 451 haere-
1787 429 1795 434 κ

254 472 358 514 dem
396 473 602 529 reliquit:
650 474 788 517 nimia
827 476 1198 527 consternatione,
1248 489 1351 531 quae
1390 475 1588 518 animum
1627 475 1726 532 ejus

253 544 549 584 transversum
573 542 678 596 egit,
692 543 996 597 depravatus!
1010 541 1044 568 ¹⁶
1073 541 1259 586 Amavit
1279 543 1398 586 enim
1420 543 1579 585 sordes
1601 557 1726 595 suas,

255 613 304 650 et
324 609 484 652 dilexit
503 612 719 666 pericula,
736 617 780 654 et
801 611 1132 654 damnationem
1154 612 1272 654 votis
1293 612 1539 668 expetivit:
1571 617 1728 655 aueto-

253 688 348 719 rem
367 677 521 721 harum
541 693 686 722 rerum
706 680 1040 731 benevolentia,
1069 681 1409 736 propulsatores
1421 685 1455 713 ¹⁷
1485 679 1590 723 odio
1609 680 1728 723 inse-

256 744 421 788 cutus.'‘

311 814 357 857 8.
387 814 440 856 Τ.
462 815 675 858 Barrulus
691 815 722 841 ¹⁸
745 817 936 859 Lentulo
959 817 1199 872 Spintheri,
1220 816 1349 873 cujus
1370 815 1730 859 amantissimum

254 883 465 935 animum,
498 884 947 941 liberalissimamque
985 886 1231 929 amicitiam
1265 889 1478 937 senserat,
1510 884 1730 928 decedens

256 963 365 993 suos
386 951 572 993 annulos
606 953 785 1007 perinde
822 960 958 1010 atque
988 955 1124 997 unico
1158 954 1325 997 haeredi
1359 952 1566 1004 tradidit,
1593 965 1729 1008 quem

257 1018 378 1060 nulla
405 1032 465 1061 ex
498 1025 625 1075 parte
659 1021 880 1066 haeredem
915 1024 1211 1079 relinquebat.
1273 1022 1504 1075 Quantum
1534 1021 1616 1064 illo
1634 1032 1732 1063 mo-
1760 1044 1763 1047 ⁴

260 1091 412 1129 mento
441 1089 658 1143 temporis
681 1091 971 1144 conscientia,
1003 1094 1062 1144 (si
1092 1092 1229 1134 modo
1264 1092 1398 1142 vires,
1430 1102 1551 1146 quas
1570 1090 1734 1132 habere

261 1155 470 1207 creditur,
498 1157 740 1212 possidet,)
771 1172 799 1202 a
820 1161 1049 1203 teterrimo
1065 1160 1240 1202 homine
1261 1159 1536 1215 supplicium
1554 1158 1735 1214 exegit!

262 1222 384 1266 Inter
403 1224 550 1279 ipsam
583 1226 700 1268 enim
726 1228 904 1270 fallacis
937 1234 983 1271 et
1012 1230 1200 1282 ingratae
1237 1228 1383 1283 culpae
1416 1227 1737 1282 cogitationem

267 1291 475 1346 spiritum
496 1295 670 1348 posuit,
693 1295 826 1350 quasi
844 1301 1010 1339 tortore
1032 1297 1186 1351 aliquo
1216 1301 1407 1339 mentem
1438 1295 1536 1351 ejus
1561 1296 1684 1338 intus
1701 1297 1734 1328 ¹⁹

262 1361 519 1405 cruciante:
549 1363 665 1417 quod
700 1366 1086 1408 animadvertebat
1106 1379 1130 1407 e
1156 1366 1250 1407 vita
1280 1365 1338 1407 ad
1362 1367 1551 1406 mortem
1569 1363 1730 1406 transi-

264 1433 360 1471 tum
382 1443 529 1483 suum,
552 1435 595 1474 et
616 1433 791 1488 superis
820 1434 923 1476 Diis
953 1434 1146 1477 invisum
1168 1446 1285 1484 esse,
1305 1437 1349 1475 et
1367 1432 1522 1475 inferis
1543 1431 1734 1474 detesta-

267 1498 403 1541 bilem
427 1498 652 1556 futurum.‡

312 1633 326 1655 ¹³
344 1635 435 1668 Clam
451 1637 588 1670 immisso
602 1642 794 1671 accusatore.

310 1683 324 1699 ⁶
342 1679 382 1729 {d
406 1681 486 1730 egit,
507 1681 582 1723 quia
599 1682 696 1714 nimio
722 1686 844 1715 terrore
867 1681 954 1714 illius
974 1682 1060 1715 ratio
1088 1680 1276 1723 perturbata
1290 1680 1426 1713 animam
1439 1678 1504 1720 ejus
1519 1682 1614 1712 extra
1625 1681 1744 1712 rectam

270 1726 433 1764 aeqaztaczs
447 1724 530 1757 viam
542 1725 678 1767 impulit.

883 1789 1099 1802 Ommw
1102 1789 1119 1800 O

271 1865 307 1897 in
329 1875 421 1907 quam
440 1866 587 1907 plurimis
607 1866 755 1908 privatis.
802 1866 900 1899 Leid.
926 1869 957 1899 4.
980 1867 1021 1898 ad
1043 1865 1191 1898 ultimam
1209 1867 1425 1907 quaqua—16
1450 1862 1559 1897 codd.
1573 1862 1742 1896 Klokkii:

271 1909 444 1950 proeteritis
466 1910 720 1942 advocationibus
744 1914 775 1943 et
801 1910 1090 1952 patrociniis.-16
1111 1910 1122 1927 ‘
1145 1909 1204 1941 Sic
1228 1908 1374 1951 Pighius
1401 1918 1444 1940 ex
1468 1907 1619 1950 quinque
1643 1905 1744 1956 codd:

273 1951 396 1993 edidit,
418 1953 622 1994 quibuscum
647 1953 779 1986 faciunt
802 1954 899 1986 multi
923 1954 1010 1985 Mss.
1035 1952 1194 1986 Torrenii
1215 1956 1252 1985 et
1275 1953 1407 1994 aliquot
1422 1951 1523 1983 editt.
1545 1955 1631 1983 vett.
1675 1948 1746 1982 Alii

273 1995 422 2027 nimirum
447 1996 658 2029 consternatio
683 1998 821 2029 animam
848 1997 913 2038 ejas
942 2000 1156 2028 transversum
1182 1996 1260 2036 egit.
1305 1995 1375 2028 Alii
1398 1995 1511 2035 aliter,
1537 1994 1598 2026 sed
1622 1992 1746 2043 reliqui

276 2048 393 2070 omnes
411 2045 525 2071 tamen
541 2050 604 2082 pro
619 2041 718 2072 nimia
733 2041 860 2073 habent
881 2040 1044 2079 nimirum,
1068 2038 1161 2082 quod
1188 2048 1254 2080 ego
1277 2048 1354 2071 cum
1375 2038 1515 2070 Vorstio
1529 2041 1566 2069 et
1579 2037 1747 2069 Torremo

274 2082 364 2113 haud
382 2082 670 2124 improbaverim!
691 2085 798 2126 Kapp.
845 2084 945 2115 Harl.
960 2082 1109 2115 nimirum
1122 2082 1333 2114 consternatio
1345 2080 1429 2122 fuit,
1440 2090 1524 2122 quoe,
1535 2082 1589 2123 ξε.
1619 2081 1747 2128 copes.

276 2125 390 2158 Bitur.
407 2130 436 2158 l.
452 2130 488 2158 et
504 2130 573 2158 tres
591 2127 712 2159 Leidd.
729 2128 879 2168 nimirum
894 2126 1105 2159 consternatio
1119 2135 1206 2167 quoe:
1228 2125 1297 2157 dno
1313 2125 1370 2157 alii
1383 2123 1482 2156 Leid.
1499 2125 1748 2156 consternatione

296 2178 367 2207 ω’,-
389 2169 522 2201 Medic.
536 2173 568 2202 l.
584 2171 741 2203 minarum
756 2171 1006 2203 consternatione
1019 2171 1188 2202 damnatus
1202 2179 1272 2210 ‹121ae
1281 2179 1293 2206 ,-
1310 2167 1441 2200 Medic.
1454 2170 1488 2200 2.
1505 2177 1568 2209 pro
1583 2167 1748 2216 damnatus

292 2213 385 2244 labet
400 2214 611 2253 depravatus;
632 2214 759 2247 Ultra’.
776 2218 806 2246 1.
820 2213 971 2246 nimirum
985 2212 1232 2246 consternatione
1248 2213 1450 2254 depravatas,
1461 2221 1529 2252 qua:
1538 2221 1550 2248 ,·
1570 2210 1700 2250 UltraJ.
1716 2211 1749 2242 2.

278 2260 315 2287 et
331 2255 453 2297 reliqui
471 2266 548 2288 cum
573 2257 694 2298 Pighio
718 2224 951 2290 ficiunt—17
976 2256 1228 2298 Quamplurimi
1255 2255 1355 2287 codd.
1378 2254 1635 2304 propulsator-em,
1657 2251 1750 2295 quod

277 2299 410 2340 primus
425 2300 573 2331 mutavit
588 2300 834 2341 Pighius.—18
860 2301 899 2332 T.
915 2301 1072 2332 Barculus
1087 2299 1184 2331 Harl.
1200 2299 1294 2330 Titus
1309 2298 1448 2330 Barulus
1462 2296 1559 2329 Leid.
1572 2298 1603 2329 1.
1628 2295 1665 2328 T.
1682 2295 1749 2345 βα-

277 2343 357 2374 ritus
372 2342 469 2375 Leid.
483 2346 516 2375 2.
554 2343 732 2375 Eharrulus
751 2344 852 2375 Leid.
869 2347 900 2375 5.
941 2343 1085 2375 Tiberius
1100 2343 1258 2375 Barculus
1275 2341 1371 2373 Leid.
1388 2343 1508 2373 6.-19
1529 2339 1587 2372 Ita
1602 2338 1750 2388 Pighius

280 2386 527 2418 convenienter
543 2386 734 2427 codicibus,
748 2396 825 2418 cum
837 2388 953 2428 vulgg.
965 2387 1132 2417 haberent
1145 2385 1291 2417 interius.
1320 2385 1404 2416 Mox
1419 2393 1480 2425 pro
1494 2393 1511 2416 e
1524 2383 1594 2415 vita
1604 2381 1749 2432 lffigbms

279 2429 314 2461 in
331 2430 482 2472 margine
498 2429 689 2462 notandum
707 2430 842 2461 curavit
868 2430 954 2462 alios
979 2429 1106 2461 habere
1135 2429 1214 2469 iens,
1240 2427 1331 2470 quod
1359 2437 1424 2460 nec
1447 2427 1482 2459 in
1509 2426 1649 2468 scriptis
1661 2425 1749 2457 Tor-

945 2525 1088 2558 NOTAE

280 2604 335 2635 hic
362 2602 480 2642 fuerit,
504 2613 547 2634 an
573 2603 648 2645 quis
675 2603 774 2644 alius,
805 2602 986 2634 obscurum
1040 2603 1116 2633 692.
1142 2600 1296 2632 Ant.ch.
1313 2602 1368 2631 60.

283 2660 347 2686 est.
393 2654 531 2686 Lentuli
556 2654 752 2696 Spintheris
774 2652 989 2685 meminimus
1085 2650 1181 2689 ssAn.
1199 2651 1358 2682 Μ.3999.
1383 2650 1442 2682 01.
1461 2652 1534 2682 181.
1550 2652 1582 2681 2.
1608 2649 1691 2682 Urb.
1710 2649 1749 2683 C.

283 2704 345 2736 lib.
362 2713 386 2735 ι.
405 2714 434 2735 c.
447 2707 479 2736 4.
496 2714 530 2735 n.
546 2707 578 2735 6.
1042 2705 1117 2735 698.
1142 2702 1223 2734 Ant.
1238 2701 1299 2735 cl».
1313 2704 1367 2733 54.

327 2761 341 2789 'r
360 2754 424 2787 An.
440 2755 489 2786 Μ.
504 2757 601 2789 3993.
626 2755 684 2788 01.
702 2757 774 2788 179.
793 2757 824 2787 4.
849 2754 933 2786 Urb.
951 2754 989 2786 C.
