1878 3132
350 195 458 227 cAP.
482 195 536 227 11.
570 193 635 226 DE
671 191 857 225 MBRRE
892 190 1056 223 DlG'l'ls
1091 191 1194 223 Au'r
1232 190 1420 223 F'Ac'rls.
1538 179 1629 224 ms>

156 291 446 336 cicatricibus
458 298 476 324 1
488 296 506 315 ⁰
523 289 743 334 bellorum
762 287 969 332 civilium·
982 287 1248 331 vastissima
1266 289 1470 341 vulnera,
1486 289 1633 332 muni·

149 362 288 417 cipali
307 361 491 412 homini,
508 360 765 402 servitutem
793 362 1028 413 paternam
1047 357 1287 409 redolenti,
1305 358 1545 401 effraenatae
1565 362 1631 401 te-

149 431 384 482 meritatiS,
418 429 715 473 intolerabilis
752 427 993 482 spiritus‚4¹
1026 426 1214 482 impune
1245 440 1460 469 revocare
1480 427 1628 470 licuit.

149 499 315 555 Itaque
330 512 387 542 eo
407 502 610 553 tempore
628 502 676 539 et
694 496 990 539 fortissimum
1008 501 1106 539 erat
1138 495 1224 540 Cn.
1246 496 1468 551 Pompeio
1488 498 1629 540 male-

148 568 314 620 dicere,
331 571 377 611 et
395 567 689 611 tutissimum.
749 566 843 609 Sed
873 579 965 608 non
996 565 1171 622 patitur
1206 578 1290 608 nos
1326 565 1411 608 hoc
1432 565 1631 620 longiore

150 636 333 693 querela
364 636 578 692 prosequi
610 648 816 691 personae
850 635 1129 691 insequentis
1163 635 1399 691 aliquanto
1432 647 1531 678 sors
1550 634 1633 677 hu-

151 705 315 748 milior.

207 774 253 817 9.
283 774 497 830 Diphilus
533 772 776 827 tragoedus,
806 785 912 815 cum
944 771 1288 829 Apollinaribus
1324 773 1478 816 ludis¹²
1519 773 1635 816 inter

151 846 303 886 actum
324 842 383 885 ad
401 856 502 885 eum
521 855 702 885 versum
722 842 938 895 venisset,
974 842 1021 885 in
1042 857 1130 899 quo
1157 842 1256 886 haec
1277 844 1500 886 sententia
1527 856 1633 886 con-

152 912 336 962 tinetur,
369 911 587 955 ‘Miseria
619 914 774 954 nostra
799 924 989 966 magnus
1008 911 1160 964 est‚’4²
1191 912 1380 955 directis
1414 913 1462 955 in
1498 912 1635 955 Pom-

151 981 303 1037 peium
334 993 545 1035 magnum
576 980 800 1033 manibus,
835 982 1174 1036 pronuntiavit:
1204 985 1529 1038 revocatusque
1554 982 1636 1024 ali-

152 1050 333 1106 quoties
351 1063 380 1092 a
399 1049 584 1105 populu,
617 1050 712 1092 sine
730 1050 826 1092 ulla
847 1050 1155 1102 cunctatione,
1181 1050 1332 1094 nimiae
1352 1051 1480 1094 illum
1502 1058 1548 1096 et
1564 1053 1632 1095 in-

151 1118 402 1161 tolerabilis
423 1118 640 1174 potentiae
661 1132 788 1161 reum
808 1123 938 1174 gestu
959 1121 1272 1175 perseveranti
1286 1124 1321 1151 4³
1357 1120 1482 1175 egit!
1542 1122 1633 1165 Ea-

154 1186 258 1230 dem
275 1188 524 1243 petulantia
553 1201 663 1230 usus
700 1192 772 1231 est
802 1188 850 1230 in
886 1202 944 1232 ea
975 1202 1162 1245 quoque
1199 1193 1347 1245 parte,
1378 1189 1637 1234 ‘Virtutem

153 1255 306 1309 istam,
327 1257 478 1300 veniet
495 1261 690 1313 tempus,
710 1271 815 1301 cum
831 1259 1028 1314 graviter
1045 1258 1227 1314 gemas.'

211 1326 284 1369 10.
315 1325 382 1368 Μ.
411 1328 549 1369 etiam
570 1326 833 1371 Castriciiu
861 1329 1075 1372 libertate
1104 1329 1410 1372 inflammatus
1432 1329 1637 1373 animus:

155 1394 233 1451 qui
254 1407 356 1437 cum
378 1394 628 1439 Placentiae
654 1397 969 1451 magistratum
989 1402 1178 1452 gereret,
1197 1396 1280 1440 Cn.
1301 1397 1509 1441 Carbone
1530 1412 1639 1441 con-

155 1463 254 1506 sule
279 1463 467 1520 jubente
489 1463 719 1507 decretum
740 1465 853 1518 fieri,
874 1480 963 1522 quo
984 1467 1072 1510 sibi
1093 1467 1279 1510 obsides
1307 1481 1337 1511 a
1363 1467 1640 1511 Placentinis

154 1531 379 1584 darentur,
397 1545 479 1575 nec
500 1546 676 1576 summo
697 1533 798 1590 ejus
820 1534 1009 1591 imperio
1031 1536 1385 1592 obtemperavit,
1404 1549 1490 1579 nec
1511 1549 1642 1579 max-

197 1695 216 1719 1
235 1690 402 1724 Veteribus
414 1691 627 1725 cicatricibus.

200 1732 218 1755 ¹·
231 1735 404 1778 Jussusque
411 1746 431 1768 α
438 1737 553 1777 populo
567 1736 651 1768 idem
661 1735 778 1778 saepiua
787 1738 939 1777 repetere,
953 1736 1021 1769 cine
1035 1735 1101 1768 ulla
1107 1735 1283 1776 formidine
1294 1740 1389 1779 gestu
1399 1741 1579 1772 constanter
1590 1738 1642 1771 in-

155 1778 277 1812 dicavit
292 1779 488 1822 Pompeium,
502 1779 558 1821 qui
570 1779 704 1812 nimiam
713 1783 781 1812 tum
793 1779 968 1822 potentiam
981 1779 1128 1813 habebat.

776 1877 795 1890 0
799 1877 1021 1890 WOOOOOOO

160 1947 258 1981 Leid.
273 1950 392 1981 5.-41
418 1947 475 1980 Ita
503 1947 636 1982 Brund.
660 1952 691 1981 1.
705 1952 739 1982 2.
763 1953 800 1982 et
826 1960 944 1983 omnes
971 1949 1048 1983 fere
1074 1950 1178 1984 codd.
1200 1951 1343 1984 Torren.
1389 1950 1535 1993 Pighius
1560 1960 1643 1983 vero

157 1991 301 2024 maluit:
325 1991 488 2031 infrenata
514 1993 706 2034 temeritate,
733 1993 988 2036 intolerabilique
1008 1995 1150 2036 spiritu;
1172 1995 1333 2027 Perizon.
1365 1996 1454 2037 conj.
1476 1995 1643 2037 effrenum

157 2035 348 2068 lmrilulio
362 2035 553 2068 intolerabili
566 2036 684 2078 spiritu
693 2047 704 2069 .·
729 2037 829 2070 Leid.
845 2040 878 2070 4.
901 2038 1061 2081 issi-emta
1075 2038 1257 2071 temeritate
1271 2038 1485 2071 intolerabilis
1498 2038 1644 2080 spir-itus.

159 2077 246 2110 Mox
262 2088 326 2120 pro
339 2088 485 2111 revocare
501 2079 596 2121 Lips.
622 2080 712 2123 conj.
732 2085 987 2114 renovare.—42
1012 2082 1107 2124 Lege
1131 2083 1270 2114 omnino
1287 2093 1333 2123 es,
1353 2083 1466 2124 inquit
1482 2082 1645 2114 Perizon.

159 2121 329 2162 probante
343 2122 487 2155 Torren.
509 2123 571 2155 sed
594 2123 737 2156 obstant
762 2125 866 2157 codd.
911 2126 999 2157 Mox
1014 2136 1162 2166 magnum
1179 2126 1351 2167 expunxit
1366 2126 1525 2168 Pighius,
1552 2125 1646 2168 quod

159 2169 335 2198 testantur
349 2165 510 2198 undecim
535 2166 638 2199 codd.
653 2167 798 2200 Torren.
813 2178 892 2201 cum
908 2168 989 2201 edd.
1006 2172 1178 2202 vein-»43
1201 2170 1288 2202 Mss.
1304 2170 1424 2202 decem
1441 2179 1519 2202 cum
1535 2169 1646 2202 omni·

160 2207 224 2240 bus
250 2213 330 2241 ante
345 2209 507 2250 Pighium
528 2209 718 2252 impressis,
738 2214 832 2252 gem
851 2216 1114 2253 perseverantem·
1136 2213 1223 2255 Cop.
1242 2216 1565 2254 permemnte.·-44
1588 2212 1646 2245 Sic

159 2251 316 2294 Pighius.
360 2252 486 2286 Recte.
511 2253 663 2295 probant
688 2255 780 2287 enim
809 2255 896 2288 Mss.
924 2261 1007 2288 ante
1037 2254 1115 2289 fere
1147 2257 1301 2290 Castricii
1323 2257 1587 2290 excudebatur:
1611 2260 1647 2289 et

833 2358 977 2392 NOTAE

204 2439 220 2454 ⁰
247 2433 388 2467 vetustis
396 2434 521 2477 [vietis]
537 2435 752 2478 cicatricibus]
768 2440 778 2455 ‘
794 2437 876 2470 vie·
973 2442 992 2464 Ρ
1014 2438 1253 2480 Apollinaribus
1267 2438 1367 2480 ludis]
1381 2439 1468 2471 Cum
1483 2437 1647 2481 pestilen-

160 2483 228 2516 tus’
241 2484 333 2516 idem
349 2489 416 2526 est,
433 2495 476 2517 ex
495 2486 612 2529 Festo,
628 2487 719 2530 quod
742 2488 875 2530 langui·
930 2488 980 2522 tia
988 2489 1071 2522 urbs
1086 2490 1276 2532 laboraret,
1288 2490 1324 2523 hi
1335 2490 1408 2522 ludi
1425 2491 1462 2522 in
1480 2490 1647 2524 honorem

161 2534 236 2568 dus.
261 2535 364 2568 Unde
378 2541 414 2568 et
428 2537 664 2571 Terentiusin
680 2540 873 2573 Eunucho:
928 2539 1103 2582 Apollinis
1125 2541 1304 2574 instituti:
1328 2545 1410 2573 sunt
1434 2545 1565 2579 tamen,
1588 2541 1648 2584 qui

159 2586 169 2603 ⁴
186 2586 254 2618 Hic
283 2592 337 2619 est
363 2586 488 2629 vietus,
520 2593 632 2631 vetus,
673 2595 874 2623 veternosus
929 2591 1030 2623 aliam
1043 2601 1181 2624 causam
1193 2591 1354 2632 afferant,
1366 2591 1461 2624 inter
1473 2602 1558 2634 quoa
1571 2593 1647 2626 Ma-

163 2647 280 2670 senex.
303 2638 347 2670 Et
364 2638 509 2671 Plautus
522 2639 557 2671 in
568 2641 718 2674 Mercat.
740 2641 751 2659 ‘
762 2640 874 2674 Aehe-
929 2642 1068 2675 crobius
1084 2642 1129 2675 ad
1158 2643 1309 2675 Carmen
1325 2643 1446 2675 Martii
1463 2643 1566 2676 Vatis
1591 2653 1649 2678 eo-

164 2688 318 2720 routicus
349 2699 466 2730 senex,
492 2690 617 2733 vietus,
648 2692 872 2735 decrepitus:
929 2703 1004 2726 rum
1018 2693 1278 2726 institutionem
1295 2692 1426 2726 refert:
1453 2698 1494 2726 ut
1516 2698 1557 2727 ut
1582 2700 1650 2738 est,

164 2738 287 2770 vietae
326 2739 507 2773 cicatrices
538 2743 695 2784 appellat
736 2749 875 2778 veteres
931 2745 1009 2777 illos
1032 2745 1181 2786 populus
1204 2748 1242 2776 et
1267 2745 1445 2777 laureatus
1475 2750 1649 2788 spectare,

164 2788 314 2830 quidem,
330 2790 390 2822 sed
405 2792 492 2823 male
508 2798 657 2826 curatas.
931 2800 969 2828 et
986 2796 1155 2829 conviviis
1174 2796 1353 2829 celebrare
1369 2796 1514 2829 solebat.
