1878 3132
278 142 365 189 572
689 152 899 188 VALERH
935 154 1130 188 ΜΑΧιΜι
1166 157 1260 189 mn.
1293 159 1336 188 v.

277 262 414 296 unum
444 254 548 294 nota
579 252 742 307 pellam
773 252 898 296 mea.’
960 254 1175 296 Habebat
1207 259 1352 296 autem
1385 254 1501 297 duos
1532 258 1749 310 praeterea

278 323 464 376 optimae
486 321 652 364 indolis
671 321 808 374 filios,
828 322 1019 377 ‘quibus
1051 321 1205 365 Caesar
1235 336 1283 365 se
1314 323 1586 365 incrementa
1605 322 1748 377 digni-

278 391 387 433 tatis
407 384 593 445 benigne
614 391 872 444 largiturum
885 392 896 408 '
912 392 1222 446 pollicebatur.
1283 392 1422 434 Hunc
1441 396 1615 447 patrem
1635 395 1748 436 tam-

277 459 363 502 etsi
409 472 584 502 summa
621 460 763 502 divini
797 461 1015 516 principis
1064 461 1303 503 clementia
1338 465 1480 504 tutum
1521 457 1746 516 praestitit,

277 527 380 583 quis
399 531 547 570 tamen
576 541 665 570 non
684 529 878 572 humano
898 529 1075 583 ingenio
1095 529 1242 584 majus
1268 542 1424 572 ausum
1446 532 1585 585 putet,
1607 527 1746 583 quod,
1802 557 1806 561 »

277 596 350 638 cui
369 600 489 639 totus
502 603 532 623 ¹¹
564 601 778 641 terrarum
799 599 918 640 orbis
933 598 1246 649 succubuerat,
1265 611 1353 640 non
1373 599 1511 641 cessit
1521 599 1559 640 Τ*

333 666 374 708 3.
406 666 495 708 Sed
514 668 666 709 nescio
689 680 746 709 an
767 665 987 708 Octavius
1007 665 1180 708 Balbus
1201 666 1504 708 concitatioris
1524 670 1570 709 et
1587 667 1748 715 arden-,-

275 734 406 777 tioris
437 748 542 790 erga
570 735 714 777 filium
743 734 1063 777 benevolentiae
1093 733 1240 776 fuerit.
1302 734 1592 790 Proscriptus
1616 747 1644 777 a
1668 737 1745 778 tri-

273 803 496 856 umviris,d
516 818 618 846 cum
637 803 787 856 domo,
810 804 990 859 postico
1007 808 1040 828 ¹²
1061 803 1179 845 clam
1191 807 1311 845 esset
1328 816 1552 857 egressus,
1562 803 1746 860 jamque

274 872 391 926 sugae
430 873 690 929 expeditum
724 873 898 915 initium
936 873 1134 924 haberet,
1171 875 1413 928 postquam
1450 872 1570 915 intus
1602 872 1745 915 filium

275 942 487 984 trucidari
505 942 621 985 falso
643 943 839 985 clamore
861 943 1040 986 viciniae
1055 948 1085 973 ¹³
1118 943 1310 999 accepit,
1331 943 1373 984 ei
1394 955 1442 984 se
1469 942 1586 993 neci,
1607 954 1743 997 quam

271 1013 488 1061 evaserat,
509 1011 685 1061 obtulit,
707 1010 1099 1066 occidendumque
1120 1012 1340 1054 militibus
1367 1011 1565 1054 tradidit.
1595 1009 1746 1053 Pluris

271 1078 477 1121 nimirum
492 1083 527 1110 ¹4
554 1080 669 1122 illud
700 1085 991 1131 momentum,
1023 1093 1116 1135 quo
1152 1081 1219 1123 illi
1250 1084 1412 1135 praeter
1443 1092 1570 1136 spem
1595 1078 1745 1122 videre

271 1147 415 1189 filium
434 1147 698 1191 incolumem
712 1149 967 1203 contigerat,
983 1162 1117 1204 quam
1138 1149 1325 1191 salutem
1347 1162 1477 1191 suam
1496 1147 1742 1190 aestimans.

272 1214 467 1258 Miseros
487 1217 785 1275 adolescentis
816 1217 987 1269 oculos,
1009 1219 1169 1272 quibus
1201 1218 1553 1260 amantissimum
1573 1218 1645 1258 sui
1663 1229 1742 1271 pa-

271 1287 397 1337 trem,
419 1285 562 1340 ipsius
583 1299 719 1342 opera
739 1287 805 1329 sic
829 1287 1123 1342 expirantem,
1144 1288 1302 1329 intueri
1324 1299 1514 1329 necesse
1532 1283 1668 1328 fuit!‡

878 1417 1134 1448 EXTERNA.

325 1505 366 1547 1.
399 1505 605 1549 Ceterum
625 1510 676 1550 ut
700 1506 758 1549 ad
784 1507 1049 1563 jucundiora
1070 1508 1242 1561 cognitu
1266 1507 1511 1556 veniamus,
1533 1504 1741 1547 Seleuci·

267 1575 386 1629 regis
406 1576 523 1617 filius
545 1575 799 1618 Antiochus
821 1590 1021 1620 novercae
1043 1577 1319 1619 Stratonices
1339 1575 1556 1617 infinito¹⁵
1589 1585 1739 1616 amore

267 1648 514 1699 correptus,
536 1658 714 1695 memor,
737 1659 873 1700 quam
903 1646 1121 1701 improbis
1145 1645 1317 1687 facibus
1347 1643 1532 1694 arderet,
1551 1641 1740 1696 impium

266 1712 461 1765 pectoris
483 1713 643 1755 vulnus
664 1714 744 1767 pia
764 1714 1120 1756 dissimulatione
1152 1714 1431 1766 contegebat.
1491 1711 1653 1766 Itaque
1674 1708 1740 1752 di-

266 1780 384 1820 versi
405 1779 596 1827 affectus
618 1781 779 1823 iisdem
792 1782 1041 1824 visceribus
1063 1795 1116 1823 ac
1139 1780 1348 1823 medullis
1369 1779 1545 1830 inclusi,
1562 1790 1740 1821 summa

266 1847 502 1902 cupiditas,
522 1853 568 1890 et
597 1850 797 1892 maxima
825 1850 1114 1901 verecundia,
1138 1850 1196 1892 ad
1226 1849 1433 1891 ultimam
1462 1848 1612 1890 tabem
1642 1859 1738 1889 cor-

265 2033 436 2066 aliis.—ll
460 2035 542 2066 Tria
571 2035 738 2067 vocabula
753 2036 882 2069 omittit
911 2037 1034 2079 Copes.
1051 2047 1123 2078 non,
1143 2037 1256 2077 mnjust,
1278 2041 1315 2068 et
1331 2039 1435 2074 tows,-
1459 2035 1550 2068 unde
1573 2035 1736 2069 Perizou.

263 2077 355 2119 conj.
365 2078 434 2118 quis
445 2081 548 2110 tamen
557 2078 690 2110 humano
699 2079 721 2110 i.
733 2089 821 2112 usum
831 2090 864 2121 p.
876 2091 979 2122 quom,
988 2081 1038 2113 cui
1052 2084 1220 2121 terrarum,
1234 2082 1287 2122 ἔμ’.
1300 2080 1420 2112 Leidd.
1435 2083 1463 2112 1.
1472 2081 1504 2111 2.
1515 2079 1618 2119 magis
1627 2089 1716 2111 usum
1724 2090 1736 2117 ,-

263 2121 377 2153 Bitur.
397 2124 426 2153 l.
445 2126 481 2152 et
496 2121 600 2153 Barb.
629 2125 658 2153 1.
685 2132 778 2163 quam
793 2124 866 2160 cui‚·
890 2124 986 2157 Leid.
1012 2127 1043 2156 1.
1073 2124 1365 2156 succubue1·it.—l2
1390 2123 1446 2155 Ita
1474 2122 1735 2164 quatuordecim

263 2164 365 2196 codd.
387 2165 529 2196 Torren.
556 2174 633 2196 cnm
659 2165 741 2197 edd.
769 2171 850 2197 ante
871 2167 971 2207 Pigh.
990 2168 1047 2209 qui
1063 2168 1149 2209 legit
1163 2167 1307 2208 postica:
1343 2167 1410 2198 duo
1425 2167 1548 2198 domum
1561 2167 1737 2206 postico.-

265 2210 305 2239 13
322 2207 381 2239 Sic
398 2207 584 2239 Torrenius
599 2217 642 2239 ex
659 2208 817 2241 omnibus
842 2210 943 2243 codd.
967 2216 1002 2243 et
1019 2210 1098 2244 edd.
1116 2215 1201 2243 vett.
1224 2210 1393 2249 restituit,
1413 2219 1492 2241 cum
1508 2209 1611 2250 Pigh.
1627 2213 1662 2240 et
1679 2209 1736 2251 qui

261 2260 338 2282 eum
353 2250 463 2282 secuti
478 2250 673 2282 dedissent:
692 2251 799 2291 falsus
823 2254 956 2285 clamore
986 2264 1002 2285 e
1026 2254 1240 2287 vicinia.—14
1268 2253 1430 2286 Nonnulli
1459 2251 1563 2285 codd.
1591 2251 1737 2285 Tol-ren.

264 2294 374 2325 Pluris
388 2294 617 2326 nimium—15
637 2294 770 2334 Lipsius
788 2296 879 2337 conj.
896 2296 1065 2338 infrunito,
1083 2298 1251 2339 probante
1275 2296 1398 2329 Colero
1413 2307 1422 2334 ;
1452 2294 1554 2327 codd.
1581 2296 1734 2337 quinque

261 2337 404 2370 Torren.
436 2337 564 2370 habent
590 2336 736 2377 infandoe
762 2343 798 2371 et
814 2338 863 2372 sic
878 2339 956 2373 edd.
973 2341 1090 2383 vulgg.
1107 2346 1188 2373 ante
1204 2341 1306 2382 Pigh.
1323 2340 1381 2382 qui
1397 2349 1474 2371 cum
1490 2339 1618 2371 ceteris
1632 2338 1735 2372 codd.

916 2450 1062 2483 NOTAE

306 2539 321 2567 Ψ
345 2532 412 2565 An.
431 2532 482 2565 M.
509 2536 608 2566 4010.
647 2534 706 2567 Ol.
724 2537 797 2568 184.
818 2539 846 2570 l.
883 2537 971 2571 Urb.
1027 2540 1067 2572 C.
1082 2542 1158 2571 ⁷11.
1200 2537 1282 2570 Ant.
1299 2535 1361 2569 Ch.
1377 2537 1433 2567 41.

266 2585 307 2617 C.
323 2587 399 2617 709.
435 2584 517 2617 Ant.
535 2585 597 2617 Ch.
612 2588 667 2618 43.
1070 2594 1084 2611 ε
1106 2588 1243 2629 Seleuci]
1281 2585 1478 2623 Nicanoris,
1514 2583 1614 2625 cujus
1642 2581 1733 2614 filius

306 2634 322 2656 ‘¹
344 2636 374 2667 A
390 2636 584 2678 triumviris]
614 2636 782 2680 Antonio,
820 2639 969 2682 Lepido,
1028 2639 1219 2672 Antiochus
1235 2639 1350 2678 Soter,
1360 2645 1446 2668 uxor
1457 2633 1653 2667 Stratonice
1664 2633 1737 2666 De·

267 2693 305 2719 et
320 2687 470 2720 Octavio
487 2689 639 2722 Caesare.
1025 2691 1140 2724 metrii
1156 2690 1238 2722 filia.

310 2742 324 2776 ξ
351 2737 415 2770 An.
432 2739 484 2772 M.
500 2742 597 2772 4012.
643 2741 700 2774 ΟΙ.
717 2743 791 2775 184.
807 2744 840 2775 3.
885 2742 970 2776 Urb.
