1878 3132
302 169 388 211 902
658 181 919 213 PRAEFATm
951 182 1204 216 STEPHANl
1243 185 1419 216 menn.

862 386 1208 430 PRAEFATIO

702 521 1067 573 STEPHANI
1116 493 1361 574 'PIGHII

429 664 739 707 EPITOMAE
771 666 858 709 DE
889 666 1261 712 NOMINIBUS
1298 669 1630 715 PRAEFIXA.

298 823 559 881 VETERES
598 841 700 883 libri
741 855 912 895 omnes,
946 857 1057 898 quos
1090 844 1301 897 vidimus,
1348 851 1443 889 tam
1474 848 1766 904 manuscripti

297 919 433 960 quam
466 908 689 964 impressi,
722 911 853 953 nobis
885 917 1212 966 repraesentant
1233 913 1407 957 Valerii
1446 915 1641 958 Maximi
1678 916 1766 959 hoc

296 988 412 1029 opus
432 976 497 1019 ita
516 977 642 1020 libris
661 992 822 1022 novem
841 980 1121 1023 distinctum:
1154 982 1200 1023 in
1221 982 1451 1038 aliquibus
1466 989 1619 1027 tamen
1633 998 1764 1040 repe-

294 1044 402 1085 ritur
424 1044 660 1101 cujusdam
680 1048 901 1102 epitomes
920 1047 1231 1103 fragmentum,
1259 1051 1302 1092 in
1328 1051 1415 1098 fine
1444 1066 1668 1095 annexum
1685 1066 1766 1108 pro

224 1106 229 1115 “
293 1112 410 1155 libro
431 1114 622 1167 decimo,
654 1129 836 1171 prorsus
858 1122 1006 1160 tamen
1024 1122 1236 1162 remotum
1260 1123 1304 1162 et
1326 1120 1520 1163 alienum
1548 1122 1607 1164 ab
1635 1134 1764 1176 argu-

292 1186 438 1224 mento
479 1198 715 1240 scopoque
746 1186 956 1228 librorum
990 1187 1165 1230 Valerii
1205 1188 1413 1232 Maximi.
1487 1190 1614 1233 Nihil
1645 1191 1762 1233 enim

293 1252 415 1294 aliud
437 1252 591 1305 docet,
622 1254 711 1296 nisi
741 1255 990 1310 aliquarum
1019 1257 1387 1312 appellationum,
1417 1272 1499 1301 seu
1530 1259 1761 1302 nominum
1795 1313 1801 1318 ⁵

293 1320 601 1364 Romanorum
621 1324 835 1366 rationes.
896 1323 1016 1376 Quae
1038 1326 1220 1380 quidem
1242 1328 1435 1382 epitome
1456 1341 1515 1370 ex
1535 1328 1625 1370 alio
1649 1329 1760 1370 anti-

291 1403 383 1444 quo
401 1397 587 1433 auctore
618 1393 810 1435 collecta
826 1398 892 1436 est
913 1407 941 1436 a
959 1394 990 1436 J
993 1395 1082 1436 ulio
1107 1395 1284 1447 Paride,
1307 1396 1428 1438 sicut
1446 1397 1644 1439 nonnulli
1661 1410 1763 1452 pro-

291 1458 400 1500 dunt
421 1459 632 1503 codices:
655 1461 786 1517 cujus
805 1461 1094 1516 fragmentum
1115 1463 1200 1506 hoc
1218 1463 1437 1506 duntaxat
1456 1464 1511 1506 de
1528 1467 1763 1520 praenomi-

289 1525 419 1569 nibus
451 1535 674 1583 repertum
710 1531 894 1586 quidam
925 1531 1094 1574 librarii
1125 1533 1295 1586 priores
1329 1532 1516 1575 Valerio
1552 1532 1763 1576 Maximo

290 1595 607 1650 adjunxerunt,
632 1605 848 1654 tanquam
884 1614 941 1643 ex
970 1601 1071 1656 ejus
1104 1601 1217 1643 libro
1248 1602 1552 1656 exemplorum
1587 1601 1762 1644 decimo

289 1670 595 1720 contractum3
627 1669 748 1720 moti,
780 1674 830 1712 ut
863 1674 1071 1726 apparet,
1103 1671 1224 1725 quod
1258 1671 1305 1712 in
1328 1670 1485 1712 eodem
1516 1670 1761 1724 fragmento

288 1734 450 1777 citetur
470 1735 706 1791 Valerius;
736 1752 823 1780 non
844 1743 993 1782 tamen
1009 1739 1245 1781 Maximus
1263 1753 1273 1782 ι
1293 1739 1412 1782 istud
1432 1740 1549 1781 enim
1568 1752 1655 1781 non
1677 1752 1761 1793 po-

287 1806 378 1845 test
396 1803 602 1847 affirmari
622 1819 681 1848 ex
702 1807 900 1863 simplici
918 1809 1006 1851 isto
1027 1809 1218 1859 nomine,
1238 1809 1355 1851 sicut
1373 1809 1418 1850 in
1436 1807 1588 1850 multis
1606 1821 1760 1850 exem-

287 1871 491 1927 plaribus
511 1875 740 1930 reperitur.
802 1876 895 1919 Sed
914 1875 1159 1919 Antiadem
1187 1877 1329 1926 citari,
1364 1890 1497 1918 unum
1528 1875 1762 1930 exemplar

285 1954 419 1984 manu
457 1942 675 1998 scriptum
711 1944 962 1987 doctissimi
998 1945 1045 1988 J.
1088 1945 1303 1988 Sambuci
1337 1944 1508 2000 liquide
1543 1943 1758 1995 declarat,

287 2012 662 2064 quemadmodum
684 2026 767 2055 suo
787 2014 890 2056 loco
912 2014 1113 2057 dicemus
1145 2016 1190 2056 in
1211 2013 1592 2057 annotationibus.
1651 2012 1683 2055 J
1685 2026 1758 2054 am

286 2078 551 2123 addiderunt
573 2083 707 2124 alium
745 2096 953 2134 errorem,
982 2084 1059 2138 qui
1085 2083 1135 2126 C.
1157 2084 1326 2126 Titium
1364 2077 1574 2131 Probum,
1604 2081 1759 2123 nescio

285 2161 433 2202 quem,
454 2155 504 2191 ut
523 2150 655 2205 hujus
676 2151 895 2206 epitomes
914 2157 1138 2195 auctorem
1155 2151 1459 2208 protulerunt3
1490 2150 1536 2192 id
1556 2149 1676 2204 quod
1698 2163 1757 2191 ex

283 2215 415 2270 hujus
445 2217 682 2272 fragmenti
717 2219 804 2262 fine
832 2224 995 2263 temere
1028 2221 1331 2276 depromsisse
1358 2219 1575 2262 videntur.
1604 2232 1608 2236 ·
1636 2217 1757 2260 Nam

283 2284 483 2339 idipsum
522 2287 884 2341 praefatiunculae
931 2290 1211 2332 librariorum
1251 2289 1425 2344 judicio
1461 2286 1757 2331 diversimode

284 2354 491 2397 confictae
512 2356 663 2410 palam
681 2356 855 2400 faciunt
875 2361 962 2400 tam
985 2359 1085 2414 ipso
1107 2359 1239 2414 stylo,
1267 2370 1400 2413 quam
1418 2357 1540 2414 quod
1560 2356 1756 2407 alterius,

286 2426 333 2465 ut
356 2436 438 2466 suo
458 2426 594 2468 modo
615 2426 871 2482 loquuntur,
904 2429 1230 2471 abbreviatoris
1261 2427 1531 2470 mentionem
1553 2424 1755 2468 afferunt.
1829 2423 1838 2429 “’

285 2491 376 2534 Eas
397 2497 545 2536 autem
567 2495 679 2538 duas
710 2496 756 2538 in
786 2497 942 2551 primis
964 2497 1291 2551 discrepantes,
1324 2507 1432 2537 mox
1459 2507 1558 2536 cum
1595 2492 1755 2535 eodem

283 2560 504 2614 epitomes
526 2563 770 2618 fragmento
799 2564 1144 2620 subjungemus3
1176 2564 1383 2619 quamvis
1418 2563 1538 2605 clare'
1567 2562 1755 2616 liqueat,

283 2642 372 2672 non
393 2644 492 2674 esse
513 2631 688 2674 Valerii
712 2632 922 2685 Maximi,
941 2636 984 2676 et
1003 2633 1101 2689 ejus
1122 2636 1274 2675 auctor
1293 2643 1427 2674 verus
1449 2630 1595 2673 adhuc
1615 2629 1661 2671 in
1676 2629 1756 2671 ob-

284 2711 419 2741 scuro
438 2699 592 2743 lateat.
651 2700 864 2744 Attamen
886 2701 993 2757 quia
1014 2702 1132 2756 sapit
1152 2700 1458 2755 antiquitatem
1492 2708 1581 2740 non
1608 2698 1754 2739 ineru-

285 2766 438 2820 ditam,
473 2773 518 2811 et
538 2770 809 2813 scholiorum
828 2771 932 2813 loco
948 2770 1163 2814 studiosis
1194 2770 1359 2813 servire
1390 2767 1554 2824 poterit
1582 2766 1638 2808 ad
1670 2766 1754 2808 lin-
