1878 3132
631 191 808 224 omnv.
843 191 910 222 nu
942 190 1207 224 REPULSIS.
1571 179 1658 224 711

165 289 426 343 ·debituruS‚
447 288 672 334 Achaiam
690 293 734 334 et
754 288 1108 333 Macedoniam?
1158 287 1219 331 Et
1241 286 1419 343 quidem
1450 286 1538 330 hoc
1567 286 1662 330 fac-

179 362 281 412 to,¹⁵
310 359 494 403 meliore
526 373 580 402 eo
615 359 717 403 cive
735 372 847 403 usus
870 364 954 402 est.
1014 357 1251 400 Intellexit
1280 357 1399 399 enim
1419 369 1551 411 quam
1589 357 1664 398 in-

180 429 349 473 dustrie
370 429 460 472 sibi
491 428 710 485 gerendus
743 432 868 472 esset
899 427 1176 479 consulatus,
1199 438 1332 482 quem
1357 428 1485 468 tanto
1504 425 1664 469 labore

182 497 413 554 impetrari
434 501 644 542 senserat.

238 569 282 611 5.
314 566 440 620 Quid
474 571 568 611 tam
603 566 852 617 excellens,
886 565 996 622 quid
1024 569 1119 608 tam
1154 563 1417 620 opulentum
1454 575 1591 617 quam
1613 562 1666 605 L.

180 635 341 692 Sylla?
372 637 554 680 divitias
593 640 640 679 et
679 635 874 692 imperia
887 635 922 661 ¹⁶
957 635 1143 690 largitus
1177 638 1273 677 est:
1303 633 1427 687 leges
1461 635 1665 674 vetustas

181 706 431 761 abrogavit,
466 718 613 750 novas
651 706 777 749 tulit:
821 705 895 748 hic
934 717 1115 760 quoque
1156 704 1203 746 in
1242 715 1298 746 eo
1320 713 1502 756 campo,
1534 700 1666 756 cujus

181 779 352 831 postea
390 775 598 818 dominus
627 775 798 827 extitit,
837 774 1019 830 repulsa
1043 769 1276 829 praeturae¹
1306 770 1544 826 sugillatus
1576 774 1669 814 est:

181 843 332 887 omnia
350 844 454 886 loca
472 843 602 898 petiti
632 842 830 895 honoris,
849 843 889 885 si
910 843 1013 898 quis
1029 842 1163 885 modo
1194 841 1387 884 Deorum
1401 839 1593 883 formam
1621 843 1670 882 et

182 911 420 967 imaginem
439 911 601 954 futurae
618 911 720 967 ejus
748 911 964 967 potentiae
990 911 1162 967 populo
1184 910 1396 953 Romano
1424 921 1673 965 repraesen-

187 985 346 1032 tasset‚
371 981 748 1036 impetraturus.⁶†

239 1049 284 1093 6.
315 1049 408 1092 Sed
426 1052 477 1092 ut
496 1049 778 1092 comitiorum
798 1050 1048 1092 maximum
1068 1048 1235 1091 crimen
1255 1048 1460 1099 referam,
1480 1045 1547 1089 M.
1561 1046 1675 1090 Por-

183 1119 284 1162 cius
304 1118 422 1162 Cato
443 1119 546 1175 plus
581 1120 787 1162 moribus
818 1119 916 1162 suis
946 1122 1156 1175 praeturae
1190 1118 1363 1160 decoris
1397 1116 1672 1173 adjecturus,

185 1201 326 1245 quam
360 1192 635 1244 praetexto¹⁷
677 1188 774 1245 ejus
806 1188 1058 1245 splendoris
1094 1188 1193 1244 ipse
1223 1188 1414 1239 laturus,
1452 1187 1674 1242 consequi

187 1257 311 1300 illam
332 1270 360 1300 a
383 1258 553 1314 populo
575 1257 672 1314 aliq
687 1258 842 1301 uando
862 1271 953 1302 non
973 1258 1170 1314 potuit.¹¹“·
1196 1256 1417 1300 Proxima
1436 1255 1671 1299 dementiae

230 1395 249 1419 ὅ
264 1397 330 1436 Qui
345 1397 530 1431 obtinuisset
546 1408 653 1431 omnes
667 1398 889 1440 Magistratus
913 1407 988 1440 quos
1012 1398 1150 1440 petebat,
1171 1398 1202 1430 si
1226 1397 1297 1441 quis
1323 1397 1466 1431 Deorum
1493 1394 1678 1429 ostendisset

183 1443 298 1483 populo
308 1441 451 1475 Romano
463 1442 634 1484 &maginem
650 1444 808 1485 quandam
820 1442 971 1485 potentia:
985 1441 1216 1482 illiusfuturae.

809 1540 871 1552 m
875 1539 995 1552 OOOOOO
998 1539 1038 1551 Ν

189 1610 250 1644 Sic
264 1621 383 1644 omnes
396 1612 501 1645 codd.
518 1616 555 1645 et
571 1611 652 1646 edd.
665 1615 754 1646 vett.
769 1622 856 1656 quos
873 1613 993 1645 Vorst.
1009 1616 1047 1645 et
1061 1612 1206 1645 Torren.
1220 1612 1419 1644 maluerunt
1441 1609 1553 1653 sequi,
1574 1618 1676 1652 quam

191 1655 473 1688 emendationem
498 1656 614 1697 Pighii
637 1656 812 1698 legentis:
843 1667 936 1698 quem
958 1658 996 1689 de
1013 1657 1057 1689 P.
1072 1679 1148 1690 ......
1158 1659 1339 1698 prosecutus
1353 1657 1422 1687 erat
1432 1677 1493 1687 .....
1503 1653 1679 1696 profligata

183 1697 297 1738 suerat
311 1722 383 1732 ......
395 1703 451 1732 aut
477 1699 619 1740 debebat,
640 1703 696 1733 aut
719 1704 790 1733 erat
810 1698 1003 1733 debiturus?
1048 1700 1095 1732 Et
1109 1711 1140 1742 q.
1165 1701 1235 1740 hoc,
1250 1702 1304 1741 ὅτ.
1327 1699 1461 1731 omissis
1476 1697 1633 1731 Achaiam
1647 1699 1679 1728 et

190 1742 424 1776 Macedoniam.
482 1743 574 1776 Vide
591 1744 674 1778 Var.
698 1744 785 1776 Not.
810 1743 960 1777 Pauculi
987 1744 1129 1777 Torren.
1156 1743 1286 1775 habent
1309 1743 1466 1775 Achaiam
1494 1745 1551 1774 aut
1567 1741 1676 1772 Mace-

191 1786 339 1819 doniam.-
364 1787 398 1818 in
419 1786 487 1819 fine
502 1787 601 1819 addit
615 1787 742 1829 Ultraj.
759 1797 831 1821 sec.
856 1787 1068 1820 Reverentius
1083 1788 1180 1820 etiam
1200 1790 1233 1819 et
1245 1787 1369 1819 dulcius
1390 1786 1581 1828 possidetur,
1596 1785 1679 1826 quod

190 1839 261 1862 cam
284 1829 390 1862 labore
418 1831 522 1872 magis
547 1832 725 1873 acquiritur
740 1842 752 1870 ‚·
775 1831 868 1873 quod
885 1835 985 1864 extat
1007 1832 1111 1864 etiam
1128 1831 1163 1863 in
1180 1841 1248 1864 uno
1265 1832 1404 1864 Douac.
1449 1828 1519 1862 Sed
1534 1829 1678 1861 nimium

191 1873 377 1906 manifeste
401 1875 551 1915 glossam
575 1877 750 1908 olen—16
775 1876 911 1917 Copula
927 1880 958 1908 et
980 1875 1080 1908 abest
1098 1875 1142 1908 ab
1158 1875 1286 1917 Ultraj.
1300 1878 1330 1907 1.
1346 1877 1380 1907 2.
1410 1872 1535 1906 Leidd.
1551 1873 1680 1914 Copes.

192 1916 370 1960 plerisque
386 1918 573 1960 Guffianis,
586 1919 730 1951 Venett.
747 1922 784 1951 et
797 1919 880 1951 Vct.
909 1919 1001 1952 unde
1030 1919 1167 1952 Gudius
1189 1919 1281 1960 conj.
1307 1918 1442 1951 divitias
1463 1916 1608 1959 imperio,
1623 1918 1679 1957 ᾴσ.

191 1960 279 1993 Mox
306 1970 369 2003 pro
395 1962 431 1994 in
452 1972 487 1994 eo
515 1967 597 1994 ante
624 1962 786 2005 Pighium
813 1963 996 2005 legebatur
1018 1964 1050 1995 in
1073 1965 1196 2001 eodeni,-
1226 1963 1286 1995 sed
1303 1966 1425 1995 contra
1439 1970 1558 1993 omnes
1572 1959 1679 1993 codd.

190 2007 300 2045 postea
329 2004 429 2036 deest
446 2005 481 2037 in
499 2006 716 2047 Copes.—17
740 2006 799 2039 Ita
824 2007 983 2050 plerique
1011 2006 1114 2040 codd.
1135 2007 1276 2039 Torren.
1301 2006 1394 2049 quod
1418 2015 1462 2038 ex
1486 2004 1556 2037 suis
1571 2003 1678 2037 codd.

194 2047 299 2080 etiam
323 2048 450 2090 probat
477 2048 634 2084 Gronov,
659 2050 704 2083 ad
728 2050 811 2084 sen.
838 2052 905 2093 Ep.
922 2054 977 2084 ⁷1.
997 2050 1136 2094 pauculi
1160 2053 1323 2093 praetextu
1346 2050 1402 2082 vel
1423 2050 1678 2091 proetertm—-IS

855 2145 999 2178 NOTAE

238 2223 398 2268 ¹Repulsa
414 2226 590 2269 Praeturoe]
606 2227 686 2262 Jam
702 2228 765 2261 sub
779 2228 906 2270 Mario,
1007 2236 1021 2266 ὴ
1038 2229 1105 2262 Αιι.
1122 2229 1172 2262 Μ.
1188 2232 1286 2263 3960.
1310 2229 1370 2262 01.
1385 2230 1462 2262 171.
1475 2232 1509 2263 3.
1533 2228 1620 2262 Urb.
1634 2229 1676 2262 C.

190 2281 228 2309 et
251 2277 287 2309 in
314 2277 406 2311 bello
429 2279 641 2320 Jugurnhino
669 2280 845 2322 Quaestor,
869 2285 907 2314 et
961 2283 1039 2314 659.
1063 2280 1228 2314 Ant.Cl1.
1246 2284 1302 2314 93.

190 2327 226 2360 in
243 2328 416 2362 Cimbrico
443 2330 596 2371 Legatus
613 2329 741 2372 fuerat,
757 2340 835 2364 cum
853 2341 906 2364 re·
1004 2337 1029 2354 ¹¹³
1044 2332 1075 2365 A
1086 2333 1200 2375 populo
1212 2333 1379 2375 aliquando
1389 2342 1450 2365 mm
1462 2330 1586 2374 potuit]
1605 2330 1678 2365 Ubi

189 2379 322 2420 pulsam
340 2390 457 2422 passus
474 2387 550 2421 est3
575 2381 745 2414 rationem
763 2383 836 2425 ipse
853 2388 905 2415 at·
961 2383 1050 2416 vidit
1075 2384 1280 2426 Pompeium
1305 2388 1343 2417 et
1367 2384 1528 2417 Crassum
1553 2383 1678 2424 juncta

190 2430 271 2463 tulit
295 2431 329 2463 in
357 2433 616 2465 commentariis
642 2433 734 2475 apud
763 2433 905 2467 Plutar-
961 2445 1039 2468 cum
1067 2435 1206 2467 Caesare
1220 2435 1388 2467 societate
1405 2439 1527 2476 petere
1547 2433 1680 2466 Consu-

190 2481 305 2522 chum,
319 2482 410 2525 quod
422 2483 620 2516 Praeturam
633 2488 770 2526 peteret
780 2485 906 2518 omissa
959 2487 1069 2519 latum
1083 2497 1093 2527 3
1117 2486 1183 2518 illis
1205 2485 1367 2529 primum,
1388 2488 1554 2528 quantum
1570 2484 1679 2517 maxi-

190 2532 368 2567 AEdilitate
382 2544 401 2567 a
417 2537 546 2577 populo
559 2535 784 2568 vehementer
800 2546 905 2580 expe·
961 2547 1016 2570 me
1033 2537 1161 2579 potuit,
1177 2536 1340 2577 obstitit3
1363 2535 1502 2578 deiude,
1525 2539 1565 2568 ut
1588 2534 1678 2568 frus·

191 2584 268 2625 fita,
289 2585 334 2618 ob
350 2596 446 2628 spem
462 2587 613 2619 muneris
636 2588 905 2629 magnificentis-
962 2593 1018 2621 tra
1034 2598 1071 2621 se
1088 2598 1164 2621 esse
1193 2588 1301 2629 videt,
1324 2588 1399 2630 ipse
1422 2588 1513 2630 petit
1540 2587 1679 2620 Praetu-

192 2637 285 2676 simi,
298 2642 335 2669 et
350 2637 543 2671 belluarum
562 2635 818 2683 Africanarum,
828 2650 907 2673 cum
963 2649 1037 2672 ram
1052 2652 1061 2679 ;
1078 2641 1221 2681 jamque
1234 2637 1405 2681 suffragiis
1417 2639 1574 2681 superior
1588 2643 1678 2681 erat,

193 2691 230 2719 et
251 2687 326 2729 ipse
351 2698 415 2729 per
430 2700 506 2722 sese
533 2691 630 2733 Sylla
643 2697 739 2724 esset
754 2692 909 2734 magnifi-
963 2701 1041 2724 cum
1070 2691 1258 2732 Pompeius
1299 2690 1431 2723 tonitru
1471 2699 1509 2723 se
1540 2689 1677 2723 audisse

192 2749 265 2780 cus,
279 2744 316 2771 et
331 2740 471 2774 Boccho
485 2742 707 2776 Mauritaniae
724 2743 812 2786 Regi
830 2753 908 2787 gra·
964 2740 1153 2774 mentitur:
1192 2740 1310 2782 sicque
1342 2739 1511 2773 concione
1538 2740 1678 2773 dimissa

196 2790 360 2823 tissimus.
965 2793 1023 2825 die
1034 2791 1195 2835 sequenti
1210 2791 1310 2825 bonis
1326 2791 1518 2836 quibusque
1534 2792 1565 2825 vi
1582 2802 1602 2824 a
1617 2801 1674 2826 co-
