1878 3132
300 151 386 194 796
684 164 889 196 VALERu
926 165 1119 197 MAx1M1
1159 167 1254 198 mu.
1283 167 1395 198 vm.

355 261 398 301 4.
429 259 534 303 Jam
571 260 626 302 de
666 260 730 303 M.
767 260 1016 316 Perperna*¹
1061 263 1166 317 quid
1203 263 1385 318 loquar?
1427 264 1503 319 qui
1542 264 1766 317 omnibus,

301 341 416 382 quos
448 329 493 370 in
521 333 723 371 senatum
744 330 899 372 consul
918 334 1173 381 vocaverat,
1206 337 1433 385 superstes
1453 323 1567 375 fuitt'
1592 337 1765 388 septem

299 409 480 454 quoque
504 398 825 450 tantummodo,
849 412 962 453 quos
981 412 1143 441 censor
1157 399 1331 452 collega
1351 399 1404 441 L.
1426 400 1629 455 Philippi
1647 401 1767 455 lege·-

299 468 382 514 rat,
410 477 436 506 e
463 466 667 520 patribus
687 467 955 521 conscriptis
976 467 1173 521 reliquos
1207 467 1346 520 vidit;
1377 472 1476 510 toto
1499 467 1655 511 ordine
1674 480 1768 512 am-

299 532 507 586 plissimo
527 533 808 576 diuturniora*

355 601 400 642 5.
430 600 572 657 Appii
594 616 696 644 vero
718 608 894 645 aevum·
925 604 1053 646 clade
1083 603 1274 654 metirer,
1297 605 1404 659 quia
1436 605 1655 647 infinitum
1684 616 1768 648 nu-

298 682 464 712 merum
485 683 697 713 annorum
719 671 903 714 orbatus
932 671 1175 714 luminibus
1205 673 1370 726 exegit,
1403 673 1490 715 nisi
1513 676 1702 729 quatuor
1716 672 1770 715 fi·

296 737 402 788 lios,
439 742 484 780 et
517 739 716 794 quinque
748 739 884 791 filias,
913 740 1129 795 plurimas
1162 738 1428 792 clientelas,f
1450 755 1543 784 rem
1570 741 1767 796 denique

296 806 540 858 publicam,
571 808 658 850 hoc
684 821 795 850 casu
823 815 1050 863 gravatuS‚
1080 810 1320 852 fortissime
1352 810 1561 853 rexisset.
1623 809 1768 862 Quiu-

300 874 437 916 etiam
454 875 602 919 fessus
614 877 712 932 jam
730 877 936 929 vivendo,
956 879 1117 921 lectica
1149 892 1197 921 se
1219 879 1264 920 in
1295 877 1478 921 Curiam
1495 878 1657 922 deferri
1669 877 1768 933 jus·

298 942 373 992 sit,
397 946 443 984 ut
464 957 565 986 cum
583 944 757 1000 Pyrrho
779 946 1017 988 deformem
1039 959 1193 1002 pacem
1215 946 1308 990 ficri
1331 946 1600 1001 prohiberet.
1631 945 1767 989 Hunc

917 1056 1156 1068 eoaeoaeeaeooero

295 1114 469 1154 dmgintm
492 1120 528 1147 et
543 1115 591 1147 sic
606 1116 768 1158 Mog.-9
791 1116 846 1149 Ita
863 1117 941 1150 edd.
959 1122 1046 1150 vett.
1062 1124 1095 1149 et
1112 1117 1160 1149 sic
1185 1117 1288 1149 codd.
1317 1117 1392 1150 fere
1419 1127 1537 1150 omnes
1559 1117 1706 1150 Torren.
1729 1122 1767 1150 et

296 1157 377 1190 Ver.
393 1158 486 1200 quod
504 1160 664 1200 probavit
680 1160 889 1201 Gronovius,
913 1162 1045 1202 recepit
1069 1161 1241 1203 Kappius.
1287 1161 1397 1195 Aldus
1424 1162 1604 1195 ediderat:
1628 1170 1704 1202 quos
1729 1161 1765 1196 iu

294 1205 406 1233 senatu
418 1203 527 1234 consul
540 1207 729 1242 rogaverat;
753 1214 865 1246 neque
893 1205 1058 1236 sustinuit
1082 1212 1216 1236 mutare
1242 1204 1399 1246 Pighius,
1427 1205 1578 1246 quamvis
1603 1203 1638 1235 in
1666 1203 1767 1236 codd.

297 1245 467 1285 reperiret
481 1256 489 1277 ε
514 1246 636 1287 quasin
649 1250 788 1279 cenatum
803 1249 909 1279 consul
923 1251 1090 1287 rogaverat
1103 1258 1114 1285 ,·
1133 1247 1222 1289 quod
1238 1248 1367 1280 habent
1380 1248 1484 1281 etiam
1497 1247 1650 1279 nonnulli
1665 1246 1768 1280 codd.

296 1286 439 1321 Torren.
484 1287 554 1320 Alii
570 1289 670 1321 codd.
685 1300 761 1331 quos
786 1291 820 1322 in
844 1296 986 1323 senatum
1009 1292 1115 1323 consu!
1141 1294 1374 1323 convocaverat.
1421 1291 1504 1325 Mox
1522 1291 1603 1324 Vet.
1620 1296 1657 1323 et
1673 1299 1767 1324 com-

964 1388 1109 1420 NOTAE

341 1465 355 1498 ss
382 1459 449 1494 An.
466 1461 517 1493 Μ.
531 1465 627 1494 3850.
652 1463 710 1495 Ol.
725 1466 799 1496 144.
813 1467 842 1496 1.
866 1464 952 1498 Urb.
968 1464 1006 1497 C.

299 1516 378 1546 549.
401 1513 663 1548 Ant.cr1.2oa.
942 1557 947 1559 ⁴

340 1564 355 1585 ‘¹
378 1566 430 1597 M.
455 1566 631 1608 Perperna]
655 1568 838 1600 Lectorem
867 1570 921 1601 bic
949 1569 1005 1601 ad-

297 1625 437 1647 monere
454 1616 586 1648 libitum
604 1622 670 1656 est,
686 1618 879 1651 oliverium
895 1621 1004 1652 virum

296 1668 449 1710 alioquin
477 1669 662 1711 eruditum,
702 1677 739 1704 ut
767 1672 800 1703 in
830 1672 918 1713 aliis,
956 1673 1007 1705 ita

297 1720 403 1751 etiam
420 1719 454 1751 in
471 1720 535 1753 hoc
557 1721 692 1754 nomine
710 1723 860 1764 turpiter
874 1724 1006 1765 lapsum

296 1780 391 1804 esse:
408 1781 486 1804 cum
499 1772 589 1810 enim
603 1773 717 1805 Romae
729 1774 1006 1817 quinque,sexve

297 1822 486 1862 Perpernae
508 1821 651 1862 fuerint,
668 1834 812 1866 quorum
833 1825 902 1857 duo
918 1825 1005 1857 Con-

298 1873 441 1912 salares,
475 1873 640 1906 Praetorii
667 1875 744 1915 alii;
784 1880 857 1907 tres
887 1885 1005 1907 eorum

297 1923 390 1955 inter
413 1933 451 1955 se
468 1925 568 1965 plane
585 1925 739 1957 diversos
757 1927 932 1957 nominum
947 1926 1005 1957 de·

297 1979 420 2015 ceptus
433 1974 656 2008 similitudine
672 1975 841 2009 confudit.
893 1978 1004 2010 Quem

298 2026 333 2057 in
350 2035 502 2058 errorem
518 2036 561 2058 ne
578 2032 653 2059 tute
669 2027 743 2068 ipse
759 2027 904 2067 incidas,
932 2028 1005 2060 liaec

299 2076 432 2117 accipe.
476 2078 562 2108 Tres
590 2078 766 2118 praecipue
791 2078 943 2110 homines
967 2079 1009 2110 ab

298 2127 488 2159 Historicis
505 2134 751 2167 memorantur,
768 2130 892 2172 quibus
904 2131 1010 2162 omni·

299 2178 361 2209 bus
375 2178 464 2210 idem
479 2179 670 2221 Perpernae
684 2191 806 2212 nomen
821 2181 906 2213 fuit:
924 2192 1009 2213 uuus

299 2228 342 2269 is,
366 2229 424 2271 qui
448 2234 569 2262 contra
586 2230 818 2263 Aristonicum
833 2232 955 2264 bellum
973 2234 1006 2264 in

300 2279 386 2312 Asia
415 2281 542 2313 Consul
573 2282 691 2322 gessit,
734 2289 770 2314 et
800 2284 903 2323 paulo
931 2288 1006 2324 post

300 2331 385 2363 obiit
400 2331 585 2372 Porgami3
608 2332 695 2364 alter
729 2332 930 2373 Praetorius,
952 2334 1009 2375 qui

300 2387 336 2414 et
350 2382 543 2415 Sertorium
558 2383 594 2414 in
610 2383 781 2424 Hispania
806 2384 947 2425 occidit,
973 2389 1009 2417 et

292 2433 392 2473 jussu
409 2433 685 2475 Pompeiicaesus
701 2439 774 2465 est:
799 2439 922 2465 neuter·
950 2444 1008 2466 au-

301 2490 370 2516 tem
387 2484 505 2517 horum
530 2485 574 2517 ad
599 2495 763 2517 summam
784 2486 942 2527 pervenit
958 2495 1009 2517 se-

300 2540 500 2576 nectutem3
526 2535 586 2567 sed
601 2536 724 2568 tertius
741 2537 932 2578 Perperna,
951 2537 1007 2578 qui

301 2595 377 2617 cum
394 2586 536 2618 Claudio
555 2587 706 2619 Pulchro
719 2588 859 2627 Consul,
876 2593 913 2619 et
930 2598 1006 2620 cum

303 2637 341 2668 I...
359 2637 493 2669 Marcio
511 2637 675 2679 Philippo
690 2636 908 2680 Censorfuit,
924 2648 1010 2670 mor·

301 2691 449 2728 tuusque
478 2687 597 2719 Romae
623 2691 678 2719 est
694 2688 757 2719 sub
780 2688 911 2721 initium
928 2690 1008 2721 belli

300 2738 412 2769 civilis
423 2738 622 2780 Caesariani,
633 2739 779 2772 Lentulo
792 2743 827 2772 et
841 2741 1009 2773 Marcello

1062 1464 1278 1506 Consulibus,
1309 1474 1414 1497 annos
1440 1469 1540 1497 natus
1562 1466 1617 1497 98.
1661 1463 1702 1496 td
1719 1463 1770 1495 ita

1061 1526 1136 1550 esse
1151 1517 1270 1558 didici,
1286 1527 1362 1548 cum
1375 1527 1417 1548 ex
1427 1517 1544 1549 multis
1557 1515 1770 1556 auctoribus,

1063 1573 1137 1600 tuor
1151 1568 1296 1600 maxime
1312 1578 1355 1599 ex
1368 1567 1483 1601 Plinio
1499 1568 1558 1605 lib.
1576 1576 1646 1602 vu.
1661 1577 1690 1600 c.
1712 1569 1769 1605 48.

1061 1623 1098 1651 et
1112 1620 1227 1651 Dione
1249 1619 1309 1651 lib.
1328 1628 1404 1652 xm.

1104 1670 1123 1689 '⁵
1146 1670 1212 1702 An.
1233 1671 1282 1702 M.
1298 1673 1395 1703 3968.
1434 1670 1492 1702 01.
1520 1672 1595 1703 1⁷3.
1612 1671 1644 1702 8.
1679 1668 1769 1710 vrb.

1061 1721 1101 1754 C.
1116 1724 1192 1755 667.
1217 1721 1300 1753 Ant.
1316 1722 1378 1754 Ch.
1393 1723 1447 1753 85.

1103 1776 1117 1793 Β
1140 1772 1238 1813 Appii
1253 1782 1323 1804 vero
1337 1770 1452 1812 oevum]
1475 1771 1579 1804 Hunc
1599 1770 1704 1804 etiam
1719 1770 1769 1803 lo-

1063 1833 1154 1864 cum,
1180 1829 1218 1856 ut
1233 1824 1298 1856 alia
1311 1824 1432 1863 multa,
1459 1823 1618 1856 Valerius
1630 1821 1771 1864 repetiit

1063 1885 1084 1907 a
1097 1876 1276 1915 Cicerone,
1291 1875 1348 1917 qui
1366 1874 1518 1916 Appium
1535 1873 1659 1916 Pyrrhi
1677 1873 1770 1906 bello

1064 1926 1228 1966 grandem
1245 1926 1428 1958 admodum
1454 1924 1562 1957 fuisse
1576 1934 1618 1956 ex
1634 1934 1676 1956 eo
1691 1933 1770 1966 pro-

1064 1979 1142 2017 bat3
1173 1977 1264 2020 quod
1301 1979 1311 1996 ‘
1326 1977 1461 2009 decimo
1493 1976 1642 2018 septimo
1679 1984 1770 2009 anno

1065 2034 1142 2070 post
1172 2028 1318 2060 alterum
1357 2028 1595 2067 Consulatum,
1627 2025 1770 2059 foederis

1065 2090 1141 2112 cum
1171 2080 1305 2121 Pyrrho
1332 2078 1549 2111 disturbandi
1575 2076 1710 2119 gratiass
1734 2077 1770 2109 iu

1065 2131 1204 2163 Curiam
1236 2130 1368 2163 venerit
1385 2141 1395 2170 3
1418 2135 1455 2163 et
1471 2131 1564 2163 inter
1578 2129 1664 2162 duos
1680 2128 1769 2160 Con-

1064 2183 1196 2213 sulatus
1239 2181 1317 2214 anui
1359 2181 1481 2214 decem
1518 2178 1770 2220 interfuissent,

1064 2233 1262 2274 Censorque
1286 2237 1368 2264 ante
1399 2231 1620 2264 Consulatum
1637 2228 1770 2272 superi-

1061 2293 1153 2315 orem
1169 2282 1303 2314 fuisset.

1108 2332 1120 2355 f
1140 2335 1301 2366 Plurimus
1315 2332 1490 2374 clientelas]
1513 2331 1668 2364 Tenebat
1677 2331 1769 2363 enim

1064 2396 1130 2417 non
1163 2385 1264 2416 modo
1289 2384 1545 2424 auctoritatem,
1573 2382 1634 2415 sed
1664 2381 1769 2413 etiam

1063 2436 1242 2477 imperium
1273 2435 1308 2466 in
1332 2444 1431 2474 suos3
1452 2432 1653 2465 metuebant
1667 2431 1772 2472 nervi,

1065 2486 1273 2517 verebantur
1296 2485 1406 2525 liberi,
1422 2493 1538 2516 carum
1564 2492 1682 2515 omnes
1709 2483 1770 2514 ha-

1063 2537 1192 2569 bebant
1208 2547 1217 2575 ;
1241 2536 1378 2577 vigebat
1404 2535 1438 2566 in
1454 2534 1513 2566 illa
1528 2534 1630 2566 domo
1645 2538 1681 2565 et
1695 2542 1767 2564 mos

1063 2589 1194 2629 patrius
1208 2593 1244 2619 et
1259 2587 1455 2628 disciplina.
1501 2585 1557 2618 Ita
1586 2585 1707 2617 Cicero
1733 2585 1768 2616 in

1064 2638 1205 2674 Catone.
1242 2639 1297 2670 De
1313 2638 1400 2669 illius
1414 2637 1575 2669 caecitate
1591 2642 1626 2668 et
1638 2635 1768 2668 foedere

1063 2700 1138 2722 cum
1154 2690 1289 2732 Pyrrho
1302 2688 1448 2722 diximus
1463 2689 1523 2720 lib.
1535 2697 1558 2721 1.
1573 2698 1603 2721 c.
1623 2691 1653 2720 1.
1669 2697 1703 2720 n.
1716 2689 1768 2723 17.
