1878 3132
620 199 727 231 cAr.
754 199 798 230 v.
832 198 897 229 ns
932 197 1192 230 REPULsxs.
1559 184 1646 227 709

166 299 280 339 trem
301 293 476 338 Idaeam
505 306 530 336 e
562 290 770 349 Phrygiis
791 290 975 335 sedibus
996 290 1054 333 ad
1074 294 1254 333 nostras
1286 301 1388 332 aras
1419 289 1643 345 focosque

166 364 429 421 migrantem
468 362 770 406 sanctissimis
808 361 1015 405 manibus
1051 360 1261 415 excepit3
1298 359 1378 414 qui
1407 359 1574 402 multas
1604 361 1650 400 et

165 434 402 490 pestiferas
417 433 663 476 seditiones
677 431 964 475 auctoritatis
986 443 1082 473 suae
1100 429 1261 472 robore
1281 429 1504 483 oppressit
1520 442 1532 482 ;
1553 441 1648 484 quo

165 504 370 559 principe
390 506 573 546 senatus
594 515 676 557 per
698 501 874 556 aliquot
894 512 1038 543 annos
1059 499 1276 554 gloriatus
1296 502 1392 550 est3
1415 510 1517 539 cum
1538 496 1649 541 aedi-

165 573 339 616 litatem
358 572 555 616 curulem
585 570 852 613 adolescens
886 571 1075 626 peteret,
1104 580 1376 622 manumque
1409 566 1647 621 cujusdam

167 643 338 686 rustico
360 654 495 697 opere
517 641 726 683 duratam
754 653 879 682 more
901 638 1240 683 candidatorum
1261 636 1464 680 tenacius
1487 649 1649 692 appre-

166 710 414 762 hendisset,
429 710 526 766 Joci
547 710 690 764 gratia
707 708 997 764 interrogavit
1015 721 1136 758 eum,
1159 709 1173 730 ‘
1185 720 1294 749 num
1313 706 1522 748 manibus
1543 704 1651 748 soli-

168 786 244 824 tus
266 784 393 823 esset
413 778 673 822 ambulare!
733 778 872 832 Quod
899 778 1073 822 dictum
1095 790 1124 820 a
1145 775 1540 820 circumstantibus
1570 786 1659 819 ex-

169 854 368 906 ceptum,
385 849 444 892 ad
463 848 684 905 populum
697 849 912 899 manavit,
932 859 1208 902 causamque
1229 845 1421 901 repulsae
1441 843 1652 900 Scipioni

171 920 343 963 attulit.
403 918 574 962 Omnes
594 932 790 974 namque
815 919 996 962 rusticae
1021 918 1164 960 tribus
1179 921 1194 940 ⁸
1213 919 1531 972 paupertatem
1561 914 1652 958 sibi

170 990 229 1032 ab
249 1002 306 1033 eo
327 990 648 1045 exprobratam
664 988 945 1044 Judicantes,
972 987 1084 1029 iram
1106 999 1235 1028 suam
1256 985 1470 1028 adversus
1490 988 1652 1027 contu-

168 1059 403 1102 meliosam
441 1057 542 1114 ejus
580 1057 875 1100 urbanitatem
914 1056 1263 1100 destrinxerunt.
1325 1054 1467 1111 Igitur
1487 1054 1652 1097 civitas

168 1131 337 1176 nostra,
358 1127 576 1170 nobilium
592 1126 809 1182 juvenum
829 1125 1010 1180 ingenia
1037 1126 1094 1168 ab
1112 1124 1357 1168 insolentia
1375 1122 1650 1173 revocando,

169 1209 358 1252 magnos
378 1200 423 1239 et
441 1197 575 1238 utiles
605 1197 729 1238 cives
761 1196 898 1250 fecit;
929 1195 1283 1251 honoribusque,
1318 1207 1410 1237 non
1432 1191 1650 1249 patiendo

170 1279 251 1309 eos
269 1279 297 1308 a
317 1266 486 1308 securis
506 1265 655 1321 peti‚¹0
685 1265 886 1308 debitum
907 1265 1196 1308 auctoritatis
1219 1264 1399 1320 pondus
1420 1262 1620 1317 adjecit.†

223 1334 266 1377 3.
298 1334 465 1378 Nullus
482 1347 599 1376 error
619 1334 724 1377 talis
744 1334 791 1376 in
814 1333 864 1376 L.
881 1333 1069 1376 AEmilio
1088 1332 1236 1375 Paulo
1259 1336 1533 1387 conspectus
1555 1335 1650 1373 est:

171 1403 253 1448 sed
292 1408 442 1448 tamen
474 1404 716 1460 aliquoties
757 1401 949 1447 frustras
975 1403 1259 1447 consulatum
1293 1402 1440 1457 petiit.
1502 1400 1654 1443 Idem-

171 1486 274 1528 que,
296 1486 401 1516 cum
412 1474 510 1530 Jam
530 1486 742 1528 campum
758 1473 954 1529 repulsis
976 1472 1073 1515 suis
1094 1471 1347 1527 fatigasset,
1370 1471 1441 1513 bis
1463 1470 1622 1512 consul
1638 1475 1655 1499 ss

171 1547 216 1584 et
237 1555 397 1585 censor
415 1542 579 1595 factus,
601 1542 931 1597 amplissimum
951 1541 1178 1596 dignitatis
1200 1541 1386 1596 gradum
1409 1539 1653 1582 obtinuit.¹¹

171 1609 314 1668 Cujus
333 1612 542 1665 virtutem
563 1611 738 1668 injuriae
760 1624 846 1654 non
865 1611 1100 1666 fregerunt,
1131 1610 1213 1653 sed
1234 1612 1463 1653 acuerunt.
1527 1608 1654 1661 Quo-

793 1743 1013 1757 oeeueoeoeo
1016 1741 1036 1756 O

171 1836 212 1866 10
235 1833 292 1866 Sic
323 1833 523 1866 emendavit
550 1833 711 1875 Pighius,
740 1833 833 1877 qnod
849 1834 1053 1867 confirmant
1073 1833 1198 1876 scripti
1213 1832 1288 1865 fere
1304 1842 1436 1871 omnes,
1457 1837 1494 1865 et
1507 1832 1597 1865 Ven.
1613 1842 1655 1864 ac

170 1877 319 1910 Mediol.
350 1877 410 1909 sed
435 1877 533 1911 Leid.
547 1878 659 1920 quint.
679 1889 699 1910 a
713 1879 830 1910 secutis
840 1879 931 1921 peti:
954 1878 985 1911 A
1001 1878 1121 1911 scurris
1136 1878 1281 1919 exponit
1298 1876 1491 1918 Oliverius‚
1515 1877 1525 1894 ‘
1541 1886 1561 1908 a
1577 1876 1658 1908 ridi-

170 1921 258 1954 culis
274 1921 466 1953 hominibus
480 1920 501 1953 :'
530 1921 591 1953 sed
608 1921 824 1964 Theophilus
842 1922 939 1955 addit
956 1923 1087 1965 aliquot
1100 1921 1314 1963 exemplaria
1340 1920 1481 1961 habere,
1494 1930 1514 1952 α
1528 1920 1659 1953 securis.

170 1967 256 2014 -711
281 1965 339 1997 Ita
363 1965 464 2006 Pigh.
477 1974 520 1996 ex
534 1964 674 1997 Winck.
692 1970 729 1998 et
747 1966 877 1999 Canch.
901 1966 959 2009 qui
977 1975 1074 2009 aeque
1091 1965 1255 2008 probavit
1271 1965 1353 1997 lect.
1371 1964 1505 1997 codicis
1531 1963 1656 1996 Calon.

170 2007 219 2040 bns
239 2018 307 2040 cre.
322 2007 391 2046 ⁶·f-
407 2011 475 2047 αι,-
496 2010 693 2050 gradumque
717 2009 892 2050 dignitatis
916 2010 1146 2052 amplissimum
1173 2008 1332 2041 obtinuit.-
1355 2007 1437 2040 edd.
1465 2011 1554 2040 vett.
1577 2017 1657 2040 cum

172 2051 259 2093 Cop.
285 2051 412 2093 Ultraj.
428 2054 459 2085 1.
474 2054 507 2084 2.
524 2052 622 2085 Med.
641 2055 668 2086 1.
682 2055 714 2085 2.
728 2053 827 2087 Harl.
844 2053 951 2086 Barb.
967 2054 1043 2087 Bit.
1059 2057 1096 2086 et
1109 2053 1209 2086 Leid.
1234 2056 1398 2095 quatuor,
1434 2051 1483 2084 bis
1497 2051 1604 2084 consul
1626 2057 1658 2083 et

171 2104 279 2128 censor
294 2095 408 2135 sactus
429 2098 490 2137 est,
516 2095 744 2138 amplissimum
764 2098 861 2130 etiam
883 2097 1056 2139 dignitatis
1075 2097 1214 2138 gradum
1236 2095 1386 2129 obtinuit.
1432 2094 1531 2128 Leid.
1548 2095 1660 2138 quint.

840 2205 990 2240 NOTAE

171 2300 262 2324 anno
277 2290 383 2324 Urbis
398 2294 476 2325 56³.
492 2292 678 2326 Corculum
695 2296 773 2327 592.
788 2294 890 2327 Sera-
943 2294 1185 2338 ingenuorum.

171 2342 230 2385 pio
244 2345 321 2375 616.
337 2347 374 2375 et
390 2347 536 2386 quartus
550 2345 628 2376 642.
673 2344 750 2376 Viri
766 2344 889 2387 optimi
987 2351 1002 2382 †
1019 2344 1086 2379 An.
1102 2346 1155 2378 M.
1168 2347 1268 2378 3908.
1293 2344 1352 2379 Ol.
1369 2347 1444 2377 158.
1461 2347 1493 2377 3.
1517 2343 1604 2376 Urb.
1618 2344 1659 2377 C.

170 2393 263 2426 filius
279 2393 463 2426 Corculum
486 2393 566 2435 fuit,
588 2394 736 2437 Serapio
758 2405 868 2438 nepos
881 2408 891 2438 ς
940 2401 1017 2431 607.
1039 2397 1124 2431 Ant.
1141 2398 1204 2431 Ch.
1220 2399 1296 2430 145.

171 2446 200 2477 is
217 2445 276 2488 qui
301 2445 487 2487 Jugurthae
515 2446 644 2479 bellum
667 2447 804 2490 indixit,
829 2447 887 2480 ab·
989 2447 1191 2491 1Ἀῑὶιμιοὶὶεεο
1204 2447 1351 2489 frustra]
1387 2446 1504 2479 Aliter
1518 2446 1660 2479 Plutar-

172 2507 294 2540 nepos.
328 2497 383 2531 De
399 2498 588 2540 Serapione
605 2499 659 2532 hic
675 2500 889 2541 potissimum
945 2501 1022 2543 cho,
1047 2501 1149 2534 aliter
1163 2500 1310 2533 Auctori
1331 2498 1374 2530 de
1398 2498 1492 2530 Viris
1509 2497 1660 2530 Illustri-

174 2548 304 2590 agitur,
329 2549 388 2591 qui
414 2549 460 2581 ob
479 2549 640 2592 joculare
668 2552 809 2584 verbum
835 2561 888 2584 re·
947 2554 1011 2586 bus
1027 2553 1167 2595 placet:
1192 2552 1248 2583 ille
1265 2554 1345 2591 post
1366 2549 1514 2590 primum
1531 2549 1662 2582 Consu-

176 2600 307 2640 pulsam
336 2610 456 2642 passus
486 2605 550 2634 est.
603 2600 660 2634 Ad
691 2602 792 2650 hujus
819 2603 889 2635 loci
945 2604 1134 2645 latum‚hic
1151 2607 1247 2642 ante,
1264 2608 1318 2634 ter
1334 2601 1506 2642 repulsam
1523 2610 1660 2642 passum

176 2650 437 2692 intelligentiam
454 2653 518 2685 hoc
532 2653 662 2686 dixisse
676 2656 759 2688 satis
775 2655 856 2688 erit.
943 2655 1116 2689 affirmat:
1149 2654 1218 2687 utri
1243 2653 1407 2686 assentiri
1442 2652 1554 2694 malis,
1585 2653 1661 2696 ipse

220 2706 235 2722 ⁶
252 2701 392 2734 Rusticoe
406 2704 524 2746 tribus]
546 2705 658 2738 Erant
673 2706 764 2739 enim
779 2707 889 2739 tribus
945 2707 1088 2741 videris.

177 2752 330 2792 urbanae,
355 2763 431 2795 quae
448 2755 573 2788 civium
588 2767 598 2797 ς
622 2762 659 2789 et
674 2758 893 2800 suburbanae,
990 2764 1007 2787 s
1023 2758 1087 2790 Bis
1114 2755 1246 2798 Consul]
1283 2755 1326 2788 In
1343 2755 1454 2798 primo
1470 2755 1662 2788 Consulatu

179 2813 257 2846 quae
285 2803 543 2848 libertinorum;
565 2811 601 2840 et
632 2810 785 2852 rusticae,
814 2819 891 2853 quae
948 2809 1108 2851 Ligures,
1126 2807 1162 2840 in
1177 2805 1330 2839 secundo
1344 2806 1475 2839 Persen
1490 2806 1587 2840 vicit.
