1878 3132
291 170 379 214 ⁶736
682 181 891 213 vunnu
924 180 1116 213 ΜΑΧιΜι
1153 182 1246 213 mss.
1266 180 1376 214 vm.

294 278 383 322 sit:
416 292 517 335 quae
535 278 854 322 conscientia¹⁸
882 282 1016 322 certae
1043 277 1312 320 sinceritatis
1335 290 1430 320 suae
1448 277 1759 333 spem-salutis

292 349 479 404 ancipiti
509 350 764 402 argumento
794 360 907 390 ausa
935 350 1084 401 petere
1108 349 1188 388 est.
1248 346 1440 401 Arrepto
1462 346 1579 389 enim
1599 347 1759 397 cribro,

295 421 308 440 ‘
329 417 502 468 Vesta,'
537 417 696 472 inquit,
721 419 734 438 ‘
755 417 795 459 si
829 415 973 458 sacris
1008 416 1097 457 tuis
1137 418 1292 456 castas
1308 419 1342 448 ¹⁹
1373 427 1550 470 semper
1581 413 1760 457 admovi

293 500 467 548 manus,
486 486 622 537 effice,
644 490 697 527 ut
724 485 809 527 hoc
822 489 859 508 ²0
888 484 1092 527 hauriam
1112 497 1137 525 e
1158 483 1314 526 Tiberi
1345 496 1526 539 aquam,
1549 487 1597 526 et
1624 484 1670 526 in
1698 495 1762 525 εει

293 556 395 598 dem
430 560 554 598 tuam
584 553 831 611 perferam?
895 553 1139 595 Audaciter
1151 556 1184 577 2¹
1217 555 1262 594 et
1284 556 1445 595 temere
1473 552 1613 607 jactis
1643 552 1762 596 votis

293 625 556 675 sacerdotis,
577 637 719 666 rerum
740 624 842 679 ipsa
859 625 1016 664 natura
1035 619 1211 664 cessit.¹‘

350 695 392 737 6.
423 694 538 736 Item
571 693 623 735 L.
645 690 778 735 Piso¹
808 705 835 734 a
872 692 925 734 P.
963 691 1155 734 Claudio
1169 695 1206 715 ²2
1237 689 1474 732 Pulchrum
1504 692 1761 741 accusatum

293 764 414 819 quod
455 776 610 817 graves
649 765 693 804 et
731 760 1038 804 intolerabiles
1078 760 1264 815 injurias
1305 759 1469 801 sociis¹¹
1505 758 1762 802 intulisset:

290 832 410 875 haud
434 832 584 874 dubiae
614 832 753 873 ruinae
784 833 952 872 metum
977 828 1158 871 fortuito
1189 827 1364 870 auxilio
1385 827 1560 870 vitavit.
1620 825 1763 869 Nam-

292 914 378 957 que
397 915 474 956 per
493 900 539 943 id
561 901 710 955 ipsum
728 902 922 954 tempus,
944 910 1035 952 quo
1065 897 1218 939 tristes
1238 895 1295 937 de
1316 908 1380 937 ·eo
1401 895 1635 938 sententiae
1656 895 1764 938 fere-

292 971 466 1021 bantur,
497 970 726 1025 repentina
755 969 828 1011 vis
862 967 1004 1009 nimbi
1042 966 1213 1008 incidit.
1273 963 1475 1018 Cumque
1507 966 1762 1018 prostratus

292 1038 416 1081 humi
449 1038 590 1094 pedes
614 1038 820 1094 judicum
856 1037 1150 1086 oscularetur,
1172 1047 1223 1076 os
1245 1047 1378 1076 suum
1406 1044 1538 1075 coeno
1561 1032 1763 1087 replevit.

294 1106 435 1160 Quod
471 1112 766 1163 conspectum
778 1110 811 1136 ²³
842 1108 983 1148 totam
1020 1103 1317 1160 quaestionem
1357 1114 1386 1143 a
1426 1100 1664 1143 severitate
1696 1099 1764 1142 ad

293 1177 573 1220 clementiam
613 1181 657 1220 et
686 1174 1068 1218 mansuetudinem
1100 1170 1352 1214 transtulit:
1395 1169 1500 1224 quia
1529 1168 1643 1211 'satis
1666 1168 1764 1229 Jam

294 1258 456 1300 graves
492 1259 593 1288 eum-
626 1257 783 1300 poenas
816 1243 950 1286 sociis
982 1241 1162 1284 dedisse
1196 1238 1402 1282 arbitrati
1437 1242 1541 1280 sunt
1571 1236 1658 1279 hu'c
1688 1237 1764 1279 de—

294 1315 481 1357 ductum
499 1314 794 1364 necessitatis,
814 1316 864 1355 ut
884 1311 1082 1367 abjicere
1113 1323 1160 1352 se
1187 1313 1276 1352 tam
1297 1307 1580 1363 suppliciter,
1601 1308 1681 1348 aut
1699 1307 1764 1348 at-

294 1383 446 1426 tollere
460 1387 549 1426 tam
570 1382 821 1425 deformiter
842 1382 1100 1435 cogeretur.†

895 1475 1096 1492 &meme
1100 1476 1139 1490 eo

296 1552 410 1581 autem
429 1545 554 1581 Tuccia.
598 1540 685 1580 Mox
699 1547 842 1580 criminis
858 1545 990 1579 Medic.
1006 1546 1128 1578 2.-18
1150 1543 1208 1576 Ita
1223 1540 1368 1584 Pighius
1383 1549 1427 1573 ex
1442 1539 1545 1574 codd.
1558 1534 1766 1582 *habentque

294 1593 343 1625 ita
359 1591 461 1625 codd.
480 1591 611 1624 Brund.
625 1594 656 1625 1.
673 1594 705 1623 2.
723 1590 815 1623 unde
840 1589 1043 1623 Perizonius
1059 1587 1148 1629 conj.
1170 1586 1360 1618 conscientia
1373 1582 1491 1618 certa?
1513 1588 1550 1617 et
1565 1583 1616 1616 sic
1631 1583 1765 1616 Medic.

295 1639 328 1669 2.
347 1636 406 1668 sed
424 1636 537 1668 Bitur.
555 1638 585 1667 1.
601 1639 638 1667 et
653 1634 753 1667 Leid.
770 1637 801 1668 l.
817 1636 850 1666 4.
873 1633 995 1665 conscia
1005 1643 1019 1670 ,·
1043 1631 1100 1664 alii
1115 1630 1215 1663 codd.
1230 1630 1372 1662 Torren.
1385 1637 1461 1661 cum
1477 1626 1573 1659 libris
1586 1625 1765 1669 Pighianis

296 1679 614 1711 consentiunt.——l9
637 1679 720 1711 Vet.
736 1678 768 1710 'si
783 1677 1076 1720 sacrificiis‘castas,
1098 1676 1154 1716 &c-
1189 1674 1316 1715 copes.
1341 1674 1428 1704 casta
1441 1672 1660 1713 serapem—20
1682 1669 1767 1712 Sep-

296 1728 367 1755 tem
385 1722 487 1755 codd.
504 1723 647 1755 Torren.
663 1731 741 1754 cum
757 1722 841 1754 Vet.
862 1724 898 1752 ut
920 1720 1021 1756 hanc5
1044 1717 1173 1759 Ultraj.
1197 1719 1230 1749 2.
1261 1722 1298 1747 ut
1320 1715 1376 1748 hoc
1400 1714 1502 1752 hanc,-
1535 1714 1662 1756 Copes.
1678 1722 1767 1746 -cum

296 1765 387 1807 aliis,
401 1769 436 1798 ut
463 1763 530 1807 hoc,
549 1775 599 1797 sc.
627 1764 841 1797 cribro.—2l
863 1763 1027 1795 Audacter
1049 1770 1136 1793 unus
1164 1758 1296 1791 Brand.
1327 1760 1365 1790 e't
1393 1756 1532 1800 quidam
1560 1756 1662 1790 codd.
1680 1753 1766 1788 Tor-

297 1820 370 1842 ren.
387 1813 424 1841 et
440 1809 518 1841 edd.
532 1813 613 1840 ante
631 1808 814 1850 Pighium3
830 1806 1004 1839 Audaciter
1019 1804 1053 1836 in
1067 1802 1300 1843 compluribus
1316 1801 1418 1834 codd.
1437 1800 1613 1833 Audaciter
1623 1800 1721 1832 etiam
1734 1801 1767 1831 et

295 1855 412 1885 temere
426 1852 555 1894 Ultraj.
571 1854 603 1885 2.
634 1851 810 1884 Audaciter
823 1850 906 1882 enim
923 1852 954 1881 et
968 1852 1083 1880 temere
1108 1846 1205 1879 Leid.
1222 1847 1340 1877 1.—22
1362 1844 1468 1876 Multi
1493 1842 1595 1876 codd.
1620 1843 1766 1875 Tor-ren.

296 1907 316 1927 a
330 1895 427 1928 Lucio
446 1895 592 1934 Claudio,
614 1894 705 1937 quod
728 1893 926 1926 emendavit
941 1890 1180 1932 Pighius.-23
1205 1888 1349 1930 Pighius
1375 1887 1412 1919 in
1434 1886 1588 1929 margine
1600 1885 1766 1921 „notaviu

297 1940 308 1957 ‘
326 1940 396 1981 alii,
415 1939 484 1976 Quo
499 1942 662 1981 conspectu
671 1937 695 1976 ς’
719 1942 756 1970 et
771 1946 856 1969 sane
872 1935 971 1969 Leid.
986 1937 1019 1967 2.
1034 1933 1150 1974 habet,
1177 1931 1247 1968 Quo
1262 1934 1410 1973 aspectu3
1430 1929 1492 1963 sed
1517 1929 1642 1972 reliqui
1662 1927 1766 1962 codd.

962 2021 1104 2056 NOTAE

339 2102 356 2125 ἱ
374 2104 499 2136 Natura
512 2102 618 2143 cessit]
644 2101 778 2144 Aquam
794 2100 911 2134 cribro
924 2100 1004 2131 hau·
1060 2107 1184 2146 perat;
1209 2111 1318 2143 quare
1334 2099 1476 2142 legerim
1500 2098 1678 2138 libentius,
1690 2107 1712 2130 u
1729 2097 1767 2129 C.

298 2159 385 2188 stam
403 2164 422 2186 e
436 2152 578 2185 flumine
594 2153 637 2185 ad
664 2152 876 2184 Pontificum
898 2150 1005 2192 pedes
1062 2155 1195 2188 Claudio
1219 2153 1370 2194 Pulchro,
1392 2151 1451 2194 qui
1479 2151 1521 2183 Ρ,
1537 2149 1673 2183 Claudii
1699 2147 1770 2181 fra-

297 2206 332 2237 in
347 2204 422 2237 foro
438 2202 573 2236 effudit.
619 2204 716 2235 Illius
743 2206 926 2235 accusator
947 2201 1007 2232 diu
1062 2211 1116 2239 ter
1130 2209 1217 2237 erat,

296 2257 513 2298 multumque
533 2254 711 2297 quaesstus,
732 2264 796 2286 nec
819 2254 929 2293 vivus,
942 2260 1006 2283 nec
1104 2262 1120 2277 n
1136 2255 1276 2297 Injurias
1289 2254 1398 2296 3002‘53]
1425 2253 1512 2286 Haec
1528 2251 1772 2285 Pisonicrflmi.

297 2311 453 2339 morinus
468 2305 626 2337 inventus
641 2310 708 2344 est,
723 2314 767 2336 ex
784 2304 963 2346 Dionysio·
1062 2307 1162 2340 nibus
1175 2307 1257 2339 data
1272 2310 1364 2347 sunt,
1377 2304 1571 2337 Thracibus
1588 2309 1623 2335 et
1638 2303 1773 2336 Darda·

343 2355 397 2389 ¹L.
409 2356 501 2397 Piso]
518 2356 719 2388 caesonlnus
729 2354 909 2387 Gabinilin
917 2353 1006 2385 COH—
1061 2359 1113 2390 nis
1128 2367 1249 2400 pacem
1273 2367 1356 2389 auro
1379 2355 1590 2394 vendidisse,
1604 2363 1624 2386 e
1641 2355 1773 2395 Dyrra.

297 2408 409 2456 sulatu
429 2407 574 2449 collega,
587 2406 623 2438 in
639 2415 740 2448 quem
756 2409 854 2437 extat
869 2404 1006 2437 Cicero·
1062 2409 1170 2442 chinis
1185 2408 1365 2449 collegisse
1389 2406 1568 2449 pecunias,
1592 2404 1772 2437 Thessalos

300 2460 351 2492 nis
365 2458 489 2491 oratio.
1061 2459 1241 2501 spoliasse,
1255 2456 1393 2490 Achaeis
1405 2456 1591 2498 imperasse
1603 2453 1772 2486 tributum

343 2514 366 2530 ¹¹¹
380 2509 411 2542 A
423 2510 468 2541 P.
489 2507 619 2541 Claudio
633 2506 782 2548 Pulchro]
798 2505 941 2547 Aliquid
958 2504 1005 2536 vi·
1060 2510 1095 2541 in
1111 2519 1218 2541 annos
1236 2509 1388 2549 singulos
1402 2519 1412 2548 3
1442 2510 1478 2539 et
1492 2506 1559 2539 alia
1573 2515 1649 2548 quae
1663 2504 1772 2539 fusius

301 2560 342 2593 tii
357 2560 409 2592 his
435 2559 576 2592 vocibus
592 2558 729 2591 subesse
745 2557 920 2598 suspicor:
953 2555 1008 2587 vix
1062 2561 1187 2593 Cicero
1204 2559 1422 2602 persequitur
1437 2557 1472 2590 in
1488 2557 1591 2590 Orat.
1607 2555 1651 2589 de
1666 2555 1771 2589 Prov.

302 2612 392 2644 enim
420 2610 545 2643 adduci
574 2619 712 2652 possum
738 2612 778 2641 ut
797 2607 935 2641 credam
951 2607 1008 2638 Pi·
1064 2610 1204 2642 Consul.

303 2673 419 2695 sonem
436 2663 478 2695 ab
502 2661 623 2694 eodem
651 2661 691 2693 P.
706 2659 851 2693 Claudio
873 2668 1010 2691 accusa·
1107 2666 1121 2696 ψ
1147 2659 1214 2692 An.
1230 2659 1281 2691 M.
1298 2661 1395 2692 3999.
1440 2658 1498 2691 01.
1511 2660 1587 2691 181.
1603 2660 1637 2690 2.
1681 2655 1769 2689 Urb.

305 2719 375 2747 tum
392 2724 482 2754 esse,
497 2724 518 2745 a
530 2723 599 2755 quo
627 2716 680 2745 tot
706 2710 920 2752 Provincias,
933 2710 1009 2743 Ma·
1066 2711 1107 2745 C.
1119 2713 1194 2745 698.
1217 2710 1302 2742 Ant.
1318 2710 1357 2742 C.
1374 2712 1427 2741 54.

304 2764 497 2802 cedouiam,
522 2763 699 2805 Achaiam,
721 2761 892 2795 Graeciam
913 2770 1010 2793 acce-
