<?xml version="1.0" encoding="UTF-8"?>
<!DOCTYPE html PUBLIC "-//W3C//DTD XHTML 1.0 Transitional//EN"
    "http://www.w3.org/TR/xhtml1/DTD/xhtml1-transitional.dtd">
<html xmlns="http://www.w3.org/1999/xhtml" xml:lang="en" lang="en">
 <head>
  <title>
</title>
<meta http-equiv="Content-Type" content="text/html;charset=utf-8" />
  <meta name='ocr-system' content='tesseract 3.04.00' />
  <meta name='ocr-capabilities' content='ocr_page ocr_carea ocr_par ocr_line ocrx_word'/>
</head>
<body>
  <div class='ocr_page' id='page_1' title='image "./factorumdictorum02valeuoft_0402.png"; bbox 0 0 1878 3132; ppageno 0'>
   <div class='ocr_carea' id='block_1_1' title="bbox 307 170 393 214">
    <p class='ocr_par' dir='ltr' id='par_1_1' title="bbox 307 170 393 214">
     <span class='ocr_line' id='line_1_1' title="bbox 307 170 393 214; baseline 0 0"><span class='ocrx_word' id='word_1_1' title='bbox 307 170 393 214; x_wconf 80' lang='lat'><strong>858</strong></span> 
     </span>
    </p>
   </div>
   <div class='ocr_carea' id='block_1_2' title="bbox 303 275 1772 1156">
    <p class='ocr_par' dir='ltr' id='par_1_2' title="bbox 303 275 1772 1156">
     <span class='ocr_line' id='line_1_2' title="bbox 308 275 1769 334; baseline -0.004 -11"><span class='ocrx_word' id='word_1_2' title='bbox 308 279 484 324; x_wconf 86' lang='lat' dir='ltr'><strong>sitaniae</strong></span> <span class='ocrx_word' id='word_1_3' title='bbox 507 279 738 322; x_wconf 89' lang='lat' dir='ltr'><strong>civitatum</strong></span> <span class='ocrx_word' id='word_1_4' title='bbox 759 283 1007 323; x_wconf 88' lang='lat' dir='ltr'><strong>convocato</strong></span> <span class='ocrx_word' id='word_1_5' title='bbox 1038 278 1229 334; x_wconf 91' lang='lat' dir='ltr'><strong>populo,</strong></span> <span class='ocrx_word' id='word_1_6' title='bbox 1261 282 1477 332; x_wconf 90' lang='lat' dir='ltr'><strong>tanquam</strong></span> <span class='ocrx_word' id='word_1_7' title='bbox 1497 275 1553 318; x_wconf 90' lang='lat' dir='ltr'><strong>de</strong></span> <span class='ocrx_word' id='word_1_8' title='bbox 1575 288 1769 318; x_wconf 88' lang='lat' dir='ltr'><strong>commo-</strong></span> 
     </span>
     <span class='ocr_line' id='line_1_3' title="bbox 307 343 1770 404; baseline -0.003 -14"><span class='ocrx_word' id='word_1_9' title='bbox 307 349 379 391; x_wconf 85' lang='lat' dir='ltr'><strong>dis</strong></span> <span class='ocrx_word' id='word_1_10' title='bbox 395 347 493 404; x_wconf 90' lang='lat' dir='ltr'><strong>ejus</strong></span> <span class='ocrx_word' id='word_1_11' title='bbox 510 352 705 400; x_wconf 89' lang='lat' dir='ltr'><strong>acturus,</strong></span> <span class='ocrx_word' id='word_1_12' title='bbox 726 352 922 404; x_wconf 84' lang='lat' dir='ltr'><strong>septem³</strong></span> <span class='ocrx_word' id='word_1_13' title='bbox 953 349 1111 399; x_wconf 90' lang='lat' dir='ltr'><strong>millia,</strong></span> <span class='ocrx_word' id='word_1_14' title='bbox 1144 348 1191 389; x_wconf 92' lang='lat' dir='ltr'><strong>in</strong></span> <span class='ocrx_word' id='word_1_15' title='bbox 1212 347 1375 402; x_wconf 89' lang='lat' dir='ltr'><strong>quibus</strong></span> <span class='ocrx_word' id='word_1_16' title='bbox 1412 344 1495 387; x_wconf 92' lang='lat' dir='ltr'><strong>flos</strong></span> <span class='ocrx_word' id='word_1_17' title='bbox 1521 343 1770 401; x_wconf 77' lang='lat' dir='ltr'><strong>Juventutis</strong></span> 
     </span>
     <span class='ocr_line' id='line_1_4' title="bbox 306 412 1771 471; baseline -0.005 -11"><span class='ocrx_word' id='word_1_18' title='bbox 306 418 600 468; x_wconf 83' lang='lat' dir='ltr'><strong>consistebat,</strong></span> <span class='ocrx_word' id='word_1_19' title='bbox 622 417 777 468; x_wconf 90' lang='lat' dir='ltr'><strong>electa,</strong></span> <span class='ocrx_word' id='word_1_20' title='bbox 811 421 853 459; x_wconf 89' lang='lat' dir='ltr'><strong>et</strong></span> <span class='ocrx_word' id='word_1_21' title='bbox 876 417 1010 459; x_wconf 87' lang='lat' dir='ltr'><strong>armis</strong></span> <span class='ocrx_word' id='word_1_22' title='bbox 1031 420 1182 467; x_wconf 87' lang='lat' dir='ltr'><strong>exuta,</strong></span> <span class='ocrx_word' id='word_1_23' title='bbox 1203 415 1364 471; x_wconf 88' lang='lat' dir='ltr'><strong>partim</strong></span> <span class='ocrx_word' id='word_1_24' title='bbox 1383 412 1639 464; x_wconf 80' lang='lat' dir='ltr'><strong>trucidavit,</strong></span> <span class='ocrx_word' id='word_1_25' title='bbox 1667 424 1771 468; x_wconf 86' lang='lat' dir='ltr'><strong>par-</strong></span> 
     </span>
     <span class='ocr_line' id='line_1_5' title="bbox 304 481 1770 537; baseline -0.004 -9"><span class='ocrx_word' id='word_1_26' title='bbox 304 487 385 528; x_wconf 87' lang='lat' dir='ltr'><strong>tim</strong></span> <span class='ocrx_word' id='word_1_27' title='bbox 419 485 656 529; x_wconf 86' lang='lat' dir='ltr'><strong>vendidit.†</strong></span> <span class='ocrx_word' id='word_1_28' title='bbox 720 485 825 537; x_wconf 84' lang='lat' dir='ltr'><strong>Quo</strong></span> <span class='ocrx_word' id='word_1_29' title='bbox 845 484 1043 527; x_wconf 84' lang='lat' dir='ltr'><strong>facinore</strong></span> <span class='ocrx_word' id='word_1_30' title='bbox 1063 483 1305 526; x_wconf 83' lang='lat' dir='ltr'><strong>maximam</strong></span> <span class='ocrx_word' id='word_1_31' title='bbox 1327 482 1533 525; x_wconf 80' lang='lat' dir='ltr'><strong>cladem4</strong></span> <span class='ocrx_word' id='word_1_32' title='bbox 1560 481 1770 523; x_wconf 84' lang='lat' dir='ltr'><strong>barbaro-</strong></span> 
     </span>
     <span class='ocr_line' id='line_1_6' title="bbox 304 552 1730 610; baseline -0.004 -14"><span class='ocrx_word' id='word_1_33' title='bbox 304 568 402 596; x_wconf 88' lang='lat' dir='ltr'><strong>rum</strong></span> <span class='ocrx_word' id='word_1_34' title='bbox 422 554 719 610; x_wconf 79' lang='lat' dir='ltr'><strong>magnitudine</strong></span> <span class='ocrx_word' id='word_1_35' title='bbox 738 553 935 596; x_wconf 87' lang='lat' dir='ltr'><strong>criminis</strong></span> <span class='ocrx_word' id='word_1_36' title='bbox 956 552 1233 595; x_wconf 58' lang='lat' dir='ltr'><strong>antecessit!</strong></span> <span class='ocrx_word' id='word_1_37' title='bbox 1721 589 1730 597; x_wconf 85' lang='grc'><em>,</em></span> 
     </span>
     <span class='ocr_line' id='line_1_7' title="bbox 363 617 1771 675; baseline -0.005 -9"><span class='ocrx_word' id='word_1_38' title='bbox 363 624 407 666; x_wconf 86' lang='grc'><strong>3.</strong></span> <span class='ocrx_word' id='word_1_39' title='bbox 439 622 519 666; x_wconf 90' lang='lat' dir='ltr'><strong>Cn.</strong></span> <span class='ocrx_word' id='word_1_40' title='bbox 539 627 685 666; x_wconf 89' lang='lat' dir='ltr'><strong>autem</strong></span> <span class='ocrx_word' id='word_1_41' title='bbox 710 622 956 664; x_wconf 90' lang='lat' dir='ltr'><strong>Domitium</strong></span> <span class='ocrx_word' id='word_1_42' title='bbox 987 621 1148 663; x_wconf 88' lang='lat' dir='ltr'><strong>summi</strong></span> <span class='ocrx_word' id='word_1_43' title='bbox 1170 620 1362 675; x_wconf 88' lang='lat' dir='ltr'><strong>generis,</strong></span> <span class='ocrx_word' id='word_1_44' title='bbox 1394 622 1439 661; x_wconf 91' lang='lat' dir='ltr'><strong>et</strong></span> <span class='ocrx_word' id='word_1_45' title='bbox 1458 618 1606 671; x_wconf 82' lang='lat' dir='ltr'><strong>magni</strong></span> <span class='ocrx_word' id='word_1_46' title='bbox 1633 617 1771 661; x_wconf 87' lang='lat' dir='ltr'><strong>animi</strong></span> 
     </span>
     <span class='ocr_line' id='line_1_8' title="bbox 305 684 1772 744; baseline -0.003 -11"><span class='ocrx_word' id='word_1_47' title='bbox 305 691 464 743; x_wconf 89' lang='lat' dir='ltr'><strong>virum,</strong></span> <span class='ocrx_word' id='word_1_48' title='bbox 504 691 651 733; x_wconf 82' lang='lat' dir='ltr'><strong>nimiae</strong></span> <span class='ocrx_word' id='word_1_49' title='bbox 683 690 836 744; x_wconf 85' lang='lat' dir='ltr'><strong>gloriae</strong></span> <span class='ocrx_word' id='word_1_50' title='bbox 871 689 1099 744; x_wconf 85' lang='lat' dir='ltr'><strong>cupiditas</strong></span> <span class='ocrx_word' id='word_1_51' title='bbox 1132 688 1350 744; x_wconf 88' lang='lat' dir='ltr'><strong>perfidum</strong></span> <span class='ocrx_word' id='word_1_52' title='bbox 1383 686 1586 730; x_wconf 83' lang='lat' dir='ltr'><strong>existere</strong></span> <span class='ocrx_word' id='word_1_53' title='bbox 1610 684 1772 740; x_wconf 67' lang='lat' dir='ltr'><strong>coegit.</strong></span> 
     </span>
     <span class='ocr_line' id='line_1_9' title="bbox 304 755 1770 813; baseline -0.004 -11"><span class='ocrx_word' id='word_1_54' title='bbox 304 760 454 803; x_wconf 88' lang='lat' dir='ltr'><strong>Iratus</strong></span> <span class='ocrx_word' id='word_1_55' title='bbox 474 763 683 813; x_wconf 72' lang='lat' dir='ltr'><strong>namque⁰</strong></span> <span class='ocrx_word' id='word_1_56' title='bbox 698 758 893 800; x_wconf 88' lang='lat' dir='ltr'><strong>Bituito⁵</strong></span> <span class='ocrx_word' id='word_1_57' title='bbox 906 756 925 782; x_wconf 55' lang='grc' dir='ltr'>ἃ</span> <span class='ocrx_word' id='word_1_58' title='bbox 941 757 1033 812; x_wconf 88' lang='lat' dir='ltr'><strong>regi</strong></span> <span class='ocrx_word' id='word_1_59' title='bbox 1053 757 1361 807; x_wconf 84' lang='lat' dir='ltr'><strong>Arvernorum,</strong></span> <span class='ocrx_word' id='word_1_60' title='bbox 1376 755 1495 812; x_wconf 90' lang='lat' dir='ltr'><strong>quod</strong></span> <span class='ocrx_word' id='word_1_61' title='bbox 1508 768 1610 798; x_wconf 89' lang='lat' dir='ltr'><strong>cum</strong></span> <span class='ocrx_word' id='word_1_62' title='bbox 1626 766 1770 805; x_wconf 86' lang='lat' dir='ltr'><strong>suam,</strong></span> 
     </span>
     <span class='ocr_line' id='line_1_10' title="bbox 305 822 1772 881; baseline -0.005 -9"><span class='ocrx_word' id='word_1_63' title='bbox 305 834 400 872; x_wconf 90' lang='lat' dir='ltr'><strong>tum</strong></span> <span class='ocrx_word' id='word_1_64' title='bbox 412 829 543 871; x_wconf 87' lang='lat' dir='ltr'><strong>etiam</strong></span> <span class='ocrx_word' id='word_1_65' title='bbox 564 826 853 881; x_wconf 87' lang='lat' dir='ltr'><strong>Allobrogum</strong></span> <span class='ocrx_word' id='word_1_66' title='bbox 875 831 1065 881; x_wconf 80' lang='lat' dir='ltr'><strong>gentem,</strong></span> <span class='ocrx_word' id='word_1_67' title='bbox 1088 839 1136 867; x_wconf 90' lang='lat' dir='ltr'><strong>se</strong></span> <span class='ocrx_word' id='word_1_68' title='bbox 1165 826 1302 867; x_wconf 90' lang='lat' dir='ltr'><strong>etiam</strong></span> <span class='ocrx_word' id='word_1_69' title='bbox 1334 828 1427 866; x_wconf 90' lang='lat' dir='ltr'><strong>tum</strong></span> <span class='ocrx_word' id='word_1_70' title='bbox 1457 824 1504 865; x_wconf 89' lang='lat' dir='ltr'><strong>in</strong></span> <span class='ocrx_word' id='word_1_71' title='bbox 1537 822 1772 878; x_wconf 87' lang='lat' dir='ltr'><strong>provincia</strong></span> 
     </span>
     <span class='ocr_line' id='line_1_11' title="bbox 304 890 1771 948; baseline -0.005 -9"><span class='ocrx_word' id='word_1_72' title='bbox 304 901 516 948; x_wconf 85' lang='lat' dir='ltr'><strong>morante,</strong></span> <span class='ocrx_word' id='word_1_73' title='bbox 538 896 595 938; x_wconf 91' lang='lat' dir='ltr'><strong>ad</strong></span> <span class='ocrx_word' id='word_1_74' title='bbox 616 895 674 947; x_wconf 86' lang='lat' dir='ltr'><strong>Q.</strong></span> <span class='ocrx_word' id='word_1_75' title='bbox 698 895 830 938; x_wconf 89' lang='lat' dir='ltr'><strong>Fabii</strong></span> <span class='ocrx_word' id='word_1_76' title='bbox 845 900 860 918; x_wconf 72' lang='lat'><strong>⁰</strong></span> <span class='ocrx_word' id='word_1_77' title='bbox 890 894 1167 937; x_wconf 87' lang='lat' dir='ltr'><strong>successoris</strong></span> <span class='ocrx_word' id='word_1_78' title='bbox 1190 894 1260 936; x_wconf 91' lang='lat' dir='ltr'><strong>sui</strong></span> <span class='ocrx_word' id='word_1_79' title='bbox 1282 893 1514 935; x_wconf 82' lang='lat' dir='ltr'><strong>dexteram</strong></span> <span class='ocrx_word' id='word_1_80' title='bbox 1535 890 1771 946; x_wconf 84' lang='lat' dir='ltr'><strong>confugere</strong></span> 
     </span>
     <span class='ocr_line' id='line_1_12' title="bbox 303 958 1770 1018; baseline -0.003 -12"><span class='ocrx_word' id='word_1_81' title='bbox 303 965 511 1007; x_wconf 86' lang='lat' dir='ltr'><strong>hortatus</strong></span> <span class='ocrx_word' id='word_1_82' title='bbox 535 967 670 1015; x_wconf 89' lang='lat' dir='ltr'><strong>esset,</strong></span> <span class='ocrx_word' id='word_1_83' title='bbox 689 976 770 1018; x_wconf 89' lang='lat' dir='ltr'><strong>per</strong></span> <span class='ocrx_word' id='word_1_84' title='bbox 788 963 1002 1018; x_wconf 89' lang='lat' dir='ltr'><strong>colloquii</strong></span> <span class='ocrx_word' id='word_1_85' title='bbox 1023 962 1355 1004; x_wconf 85' lang='lat' dir='ltr'><strong>simulationem</strong></span> <span class='ocrx_word' id='word_1_86' title='bbox 1369 960 1652 1011; x_wconf 86' lang='lat' dir='ltr'><strong>arcessitum,</strong></span> <span class='ocrx_word' id='word_1_87' title='bbox 1665 958 1770 1001; x_wconf 87' lang='lat' dir='ltr'><strong>hos-</strong></span> 
     </span>
     <span class='ocr_line' id='line_1_13' title="bbox 303 1025 1770 1089; baseline -0.005 -14"><span class='ocrx_word' id='word_1_88' title='bbox 303 1033 511 1089; x_wconf 86' lang='lat' dir='ltr'><strong>pitioque</strong></span> <span class='ocrx_word' id='word_1_89' title='bbox 540 1036 777 1087; x_wconf 87' lang='lat' dir='ltr'><strong>exceptum</strong></span> <span class='ocrx_word' id='word_1_90' title='bbox 798 1031 956 1082; x_wconf 87' lang='lat' dir='ltr'><strong>vinxit,</strong></span> <span class='ocrx_word' id='word_1_91' title='bbox 989 1044 1045 1073; x_wconf 91' lang='lat' dir='ltr'><strong>ac</strong></span> <span class='ocrx_word' id='word_1_92' title='bbox 1075 1030 1271 1072; x_wconf 86' lang='lat' dir='ltr'><strong>Romam</strong></span> <span class='ocrx_word' id='word_1_93' title='bbox 1300 1041 1414 1071; x_wconf 89' lang='lat' dir='ltr'><strong>nave</strong></span> <span class='ocrx_word' id='word_1_94' title='bbox 1444 1025 1770 1083; x_wconf 87' lang='lat' dir='ltr'><strong>deportandum</strong></span> 
     </span>
     <span class='ocr_line' id='line_1_14' title="bbox 306 1096 1770 1156; baseline -0.005 -11"><span class='ocrx_word' id='word_1_95' title='bbox 306 1102 514 1146; x_wconf 62' lang='lat' dir='ltr'><strong>curavit*</strong></span> <span class='ocrx_word' id='word_1_96' title='bbox 575 1100 719 1156; x_wconf 89' lang='lat' dir='ltr'><strong>Cujus</strong></span> <span class='ocrx_word' id='word_1_97' title='bbox 738 1100 905 1142; x_wconf 84' lang='lat' dir='ltr'><strong>factum</strong></span> <span class='ocrx_word' id='word_1_98' title='bbox 927 1104 1108 1143; x_wconf 88' lang='lat' dir='ltr'><strong>senatus</strong></span> <span class='ocrx_word' id='word_1_99' title='bbox 1127 1111 1278 1153; x_wconf 90' lang='lat' dir='ltr'><strong>neque</strong></span> <span class='ocrx_word' id='word_1_100' title='bbox 1299 1098 1487 1153; x_wconf 87' lang='lat' dir='ltr'><strong>probare</strong></span> <span class='ocrx_word' id='word_1_101' title='bbox 1510 1096 1675 1152; x_wconf 88' lang='lat' dir='ltr'><strong>potuit,</strong></span> <span class='ocrx_word' id='word_1_102' title='bbox 1694 1107 1770 1137; x_wconf 88' lang='lat' dir='ltr'><strong>ne-</strong></span> 
     </span>
    </p>
   </div>
   <div class='ocr_carea' id='block_1_3' title="bbox 718 177 1381 213">
    <p class='ocr_par' dir='ltr' id='par_1_3' title="bbox 718 177 1381 213">
     <span class='ocr_line' id='line_1_15' title="bbox 718 177 1381 213; baseline -0.003 -2"><span class='ocrx_word' id='word_1_103' title='bbox 718 180 922 213; x_wconf 83' lang='lat' dir='ltr'><strong>VALERH</strong></span> <span class='ocrx_word' id='word_1_104' title='bbox 956 180 1152 212; x_wconf 84' lang='lat' dir='ltr'><strong>MAXIMI</strong></span> <span class='ocrx_word' id='word_1_105' title='bbox 1189 177 1381 211; x_wconf 83' lang='lat' dir='ltr'><strong>1.113.1x.</strong></span> 
     </span>
    </p>
   </div>
   <div class='ocr_carea' id='block_1_4' title="bbox 302 1227 1772 1313">
    <p class='ocr_par' dir='ltr' id='par_1_4' title="bbox 302 1227 1772 1313">
     <span class='ocr_line' id='line_1_16' title="bbox 341 1227 1772 1288; baseline -0.006 -20"><span class='ocrx_word' id='word_1_106' title='bbox 341 1242 358 1258; x_wconf 77' lang='lat'>⁶</span> <span class='ocrx_word' id='word_1_107' title='bbox 374 1236 444 1288; x_wconf 63' lang='lat'><strong>9²²⁰</strong></span> <span class='ocrx_word' id='word_1_108' title='bbox 457 1235 604 1275; x_wconf 74' lang='lat' dir='ltr'><strong>facinore</strong></span> <span class='ocrx_word' id='word_1_109' title='bbox 625 1234 785 1277; x_wconf 71' lang='lat' dir='ltr'><strong>superavit</strong></span> <span class='ocrx_word' id='word_1_110' title='bbox 810 1232 1027 1275; x_wconf 77' lang='lat' dir='ltr'><strong>magnitudine</strong></span> <span class='ocrx_word' id='word_1_111' title='bbox 1049 1231 1191 1264; x_wconf 77' lang='lat' dir='ltr'><strong>criminis</strong></span> <span class='ocrx_word' id='word_1_112' title='bbox 1201 1230 1251 1264; x_wconf 76' lang='lat' dir='ltr'><strong>sui</strong></span> <span class='ocrx_word' id='word_1_113' title='bbox 1266 1231 1385 1263; x_wconf 73' lang='lat' dir='ltr'><strong>cladem</strong></span> <span class='ocrx_word' id='word_1_114' title='bbox 1399 1239 1491 1272; x_wconf 79' lang='lat' dir='ltr'><strong>quam</strong></span> <span class='ocrx_word' id='word_1_115' title='bbox 1505 1228 1616 1262; x_wconf 75' lang='lat' dir='ltr'><strong>intulit</strong></span> <span class='ocrx_word' id='word_1_116' title='bbox 1630 1227 1772 1261; x_wconf 68' lang='lat' dir='ltr'><strong>barben-is</strong></span> 
     </span>
     <span class='ocr_line' id='line_1_17' title="bbox 302 1289 485 1313; baseline 0 0"><span class='ocrx_word' id='word_1_117' title='bbox 302 1289 485 1313; x_wconf 65' lang='lat' dir='ltr'><strong>maximam.</strong></span> 
     </span>
    </p>
   </div>
   <div class='ocr_carea' id='block_1_5' title="bbox 889 1336 1154 1351">
    <p class='ocr_par' dir='ltr' id='par_1_5' title="bbox 889 1336 1154 1351">
     <span class='ocr_line' id='line_1_18' title="bbox 889 1336 1154 1351; baseline -0.011 1"><span class='ocrx_word' id='word_1_118' title='bbox 889 1336 1154 1351; x_wconf 55' lang='lat' dir='ltr'><strong>*eno-mame</strong></span> 
     </span>
    </p>
   </div>
   <div class='ocr_carea' id='block_1_6' title="bbox 301 1417 1773 1817">
    <p class='ocr_par' dir='ltr' id='par_1_6' title="bbox 301 1417 1773 1817">
     <span class='ocr_line' id='line_1_19' title="bbox 303 1417 1769 1468; baseline -0.006 -9"><span class='ocrx_word' id='word_1_119' title='bbox 303 1426 405 1460; x_wconf 87' lang='lat' dir='ltr'><strong>codd.</strong></span> <span class='ocrx_word' id='word_1_120' title='bbox 419 1435 462 1458; x_wconf 85' lang='lat' dir='ltr'><strong>ex</strong></span> <span class='ocrx_word' id='word_1_121' title='bbox 478 1425 600 1468; x_wconf 90' lang='lat' dir='ltr'><strong>quibus</strong></span> <span class='ocrx_word' id='word_1_122' title='bbox 623 1424 725 1467; x_wconf 80' lang='lat' dir='ltr'><strong>pauci</strong></span> <span class='ocrx_word' id='word_1_123' title='bbox 752 1423 917 1456; x_wconf 79' lang='lat' dir='ltr'><strong>exhibent</strong></span> <span class='ocrx_word' id='word_1_124' title='bbox 939 1423 1197 1464; x_wconf 55' lang='lat' dir='ltr'><strong>gamunan—3</strong></span> <span class='ocrx_word' id='word_1_125' title='bbox 1227 1420 1336 1453; x_wconf 87' lang='lat' dir='ltr'><strong>Codd.</strong></span> <span class='ocrx_word' id='word_1_126' title='bbox 1357 1421 1500 1452; x_wconf 87' lang='lat' dir='ltr'><strong>Torren.</strong></span> <span class='ocrx_word' id='word_1_127' title='bbox 1521 1427 1649 1456; x_wconf 70' lang='lat' dir='ltr'><strong>novem5</strong></span> <span class='ocrx_word' id='word_1_128' title='bbox 1670 1417 1769 1460; x_wconf 76' lang='lat' dir='ltr'><strong>Mog.</strong></span> 
     </span>
     <span class='ocr_line' id='line_1_20' title="bbox 302 1461 1769 1509; baseline -0.007 -6"><span class='ocrx_word' id='word_1_129' title='bbox 302 1470 447 1503; x_wconf 89' lang='lat' dir='ltr'><strong>Mediol.</strong></span> <span class='ocrx_word' id='word_1_130' title='bbox 463 1469 609 1502; x_wconf 80' lang='lat' dir='ltr'><strong>Ascens.</strong></span> <span class='ocrx_word' id='word_1_131' title='bbox 625 1471 691 1500; x_wconf 82' lang='lat' dir='ltr'><strong>octo</strong></span> <span class='ocrx_word' id='word_1_132' title='bbox 703 1479 717 1507; x_wconf 92' lang='lat'><strong>‚·</strong></span> <span class='ocrx_word' id='word_1_133' title='bbox 739 1467 837 1500; x_wconf 92' lang='lat' dir='ltr'><strong>Leid.</strong></span> <span class='ocrx_word' id='word_1_134' title='bbox 853 1467 961 1509; x_wconf 84' lang='lat' dir='ltr'><strong>quint.</strong></span> <span class='ocrx_word' id='word_1_135' title='bbox 988 1466 1119 1497; x_wconf 84' lang='lat' dir='ltr'><strong>Centum</strong></span> <span class='ocrx_word' id='word_1_136' title='bbox 1131 1467 1199 1496; x_wconf 84' lang='lat' dir='ltr'><strong>octo</strong></span> <span class='ocrx_word' id='word_1_137' title='bbox 1211 1475 1223 1502; x_wconf 90' lang='lat'><em>;</em></span> <span class='ocrx_word' id='word_1_138' title='bbox 1246 1468 1335 1496; x_wconf 84' lang='lat' dir='ltr'><strong>sext.</strong></span> <span class='ocrx_word' id='word_1_139' title='bbox 1352 1473 1428 1495; x_wconf 88' lang='lat' dir='ltr'><strong>cum</strong></span> <span class='ocrx_word' id='word_1_140' title='bbox 1445 1463 1570 1505; x_wconf 88' lang='lat' dir='ltr'><strong>Copes.</strong></span> <span class='ocrx_word' id='word_1_141' title='bbox 1583 1471 1641 1494; x_wconf 72' lang='lat' dir='ltr'><strong>sex</strong></span> <span class='ocrx_word' id='word_1_142' title='bbox 1650 1471 1663 1500; x_wconf 89' lang='lat'><strong>,·</strong></span> <span class='ocrx_word' id='word_1_143' title='bbox 1677 1461 1769 1493; x_wconf 84' lang='lat' dir='ltr'><strong>Veu.</strong></span> 
     </span>
     <span class='ocr_line' id='line_1_21' title="bbox 302 1503 1771 1555; baseline -0.007 -9"><span class='ocrx_word' id='word_1_144' title='bbox 302 1513 386 1546; x_wconf 87' lang='lat' dir='ltr'><strong>Ald.</strong></span> <span class='ocrx_word' id='word_1_145' title='bbox 409 1519 446 1546; x_wconf 92' lang='lat' dir='ltr'><strong>et</strong></span> <span class='ocrx_word' id='word_1_146' title='bbox 468 1513 591 1555; x_wconf 82' lang='lat' dir='ltr'><strong>reliqui</strong></span> <span class='ocrx_word' id='word_1_147' title='bbox 609 1521 717 1554; x_wconf 85' lang='lat' dir='ltr'><strong>usque</strong></span> <span class='ocrx_word' id='word_1_148' title='bbox 733 1511 774 1543; x_wconf 88' lang='lat' dir='ltr'><strong>ad</strong></span> <span class='ocrx_word' id='word_1_149' title='bbox 793 1511 967 1553; x_wconf 88' lang='lat' dir='ltr'><strong>Pighium,</strong></span> <span class='ocrx_word' id='word_1_150' title='bbox 994 1518 1103 1541; x_wconf 78' lang='lat' dir='ltr'><strong>novem</strong></span> <span class='ocrx_word' id='word_1_151' title='bbox 1125 1507 1246 1539; x_wconf 79' lang='lat' dir='ltr'><strong>millia.-</strong></span> <span class='ocrx_word' id='word_1_152' title='bbox 1268 1507 1327 1538; x_wconf 86' lang='lat' dir='ltr'><strong>ille</strong></span> <span class='ocrx_word' id='word_1_153' title='bbox 1354 1510 1472 1548; x_wconf 79' lang='lat' dir='ltr'><strong>septem</strong></span> <span class='ocrx_word' id='word_1_154' title='bbox 1499 1505 1600 1538; x_wconf 79' lang='lat' dir='ltr'><strong>millia</strong></span> <span class='ocrx_word' id='word_1_155' title='bbox 1620 1503 1719 1537; x_wconf 81' lang='lat' dir='ltr'><strong>dedit</strong></span> <span class='ocrx_word' id='word_1_156' title='bbox 1731 1508 1771 1536; x_wconf 81' lang='lat' dir='ltr'><strong>et</strong></span> 
     </span>
     <span class='ocr_line' id='line_1_22' title="bbox 302 1547 1769 1592; baseline -0.007 -3"><span class='ocrx_word' id='word_1_157' title='bbox 302 1567 380 1589; x_wconf 91' lang='lat' dir='ltr'><strong>eum</strong></span> <span class='ocrx_word' id='word_1_158' title='bbox 396 1557 519 1589; x_wconf 86' lang='lat' dir='ltr'><strong>secuti.</strong></span> <span class='ocrx_word' id='word_1_159' title='bbox 564 1555 654 1587; x_wconf 87' lang='lat' dir='ltr'><strong>Vide</strong></span> <span class='ocrx_word' id='word_1_160' title='bbox 670 1554 818 1588; x_wconf 87' lang='lat' dir='ltr'><strong>Casaub.</strong></span> <span class='ocrx_word' id='word_1_161' title='bbox 843 1554 886 1585; x_wconf 89' lang='lat' dir='ltr'><strong>ad</strong></span> <span class='ocrx_word' id='word_1_162' title='bbox 909 1553 1006 1585; x_wconf 92' lang='lat' dir='ltr'><strong>Suet.</strong></span> <span class='ocrx_word' id='word_1_163' title='bbox 1030 1553 1064 1584; x_wconf 88' lang='lat' dir='ltr'><strong>in</strong></span> <span class='ocrx_word' id='word_1_164' title='bbox 1087 1550 1201 1584; x_wconf 88' lang='lat' dir='ltr'><strong>Galba</strong></span> <span class='ocrx_word' id='word_1_165' title='bbox 1215 1560 1294 1592; x_wconf 87' lang='lat' dir='ltr'><strong>cap.</strong></span> <span class='ocrx_word' id='word_1_166' title='bbox 1311 1552 1407 1582; x_wconf 77' lang='lat'><strong>3.—4</strong></span> <span class='ocrx_word' id='word_1_167' title='bbox 1430 1549 1557 1591; x_wconf 84' lang='lat' dir='ltr'><strong>Ultraj.</strong></span> <span class='ocrx_word' id='word_1_168' title='bbox 1574 1551 1604 1581; x_wconf 89' lang='lat'><strong>1.</strong></span> <span class='ocrx_word' id='word_1_169' title='bbox 1620 1547 1720 1580; x_wconf 89' lang='lat' dir='ltr'><strong>Leid.</strong></span> <span class='ocrx_word' id='word_1_170' title='bbox 1736 1550 1769 1580; x_wconf 87' lang='grc'><strong>6.</strong></span> 
     </span>
     <span class='ocr_line' id='line_1_23' title="bbox 304 1590 1772 1642; baseline -0.007 -9"><span class='ocrx_word' id='word_1_171' title='bbox 304 1606 342 1634; x_wconf 86' lang='lat' dir='ltr'><strong>et</strong></span> <span class='ocrx_word' id='word_1_172' title='bbox 354 1601 479 1642; x_wconf 87' lang='lat' dir='ltr'><strong>Copes.</strong></span> <span class='ocrx_word' id='word_1_173' title='bbox 499 1602 622 1641; x_wconf 79' lang='lat' dir='ltr'><strong>partem</strong></span> <span class='ocrx_word' id='word_1_174' title='bbox 636 1608 698 1640; x_wconf 88' lang='lat' dir='ltr'><strong>pro</strong></span> <span class='ocrx_word' id='word_1_175' title='bbox 713 1599 844 1637; x_wconf 82' lang='lat' dir='ltr'><strong>cladem,</strong></span> <span class='ocrx_word' id='word_1_176' title='bbox 858 1596 947 1639; x_wconf 91' lang='lat' dir='ltr'><strong>quod</strong></span> <span class='ocrx_word' id='word_1_177' title='bbox 961 1595 1058 1627; x_wconf 85' lang='lat' dir='ltr'><strong>estin</strong></span> <span class='ocrx_word' id='word_1_178' title='bbox 1075 1594 1216 1627; x_wconf 83' lang='lat' dir='ltr'><strong>ceteris.</strong></span> <span class='ocrx_word' id='word_1_179' title='bbox 1247 1595 1257 1610; x_wconf 80' lang='lat'><em>⁶</em></span> <span class='ocrx_word' id='word_1_180' title='bbox 1272 1593 1398 1625; x_wconf 81' lang='lat' dir='ltr'><strong>Sensus</strong></span> <span class='ocrx_word' id='word_1_181' title='bbox 1414 1596 1489 1625; x_wconf 88' lang='lat' dir='ltr'><strong>est:</strong></span> <span class='ocrx_word' id='word_1_182' title='bbox 1507 1592 1608 1624; x_wconf 86' lang='lat' dir='ltr'><strong>Licet</strong></span> <span class='ocrx_word' id='word_1_183' title='bbox 1621 1590 1772 1623; x_wconf 80' lang='lat' dir='ltr'><strong>maxima</strong></span> 
     </span>
     <span class='ocr_line' id='line_1_24' title="bbox 304 1633 1773 1681; baseline -0.007 -5"><span class='ocrx_word' id='word_1_184' title='bbox 304 1643 423 1676; x_wconf 84' lang='lat' dir='ltr'><strong>clades</strong></span> <span class='ocrx_word' id='word_1_185' title='bbox 438 1643 544 1675; x_wconf 87' lang='lat' dir='ltr'><strong>fuerit</strong></span> <span class='ocrx_word' id='word_1_186' title='bbox 562 1642 796 1681; x_wconf 84' lang='lat' dir='ltr'><strong>barbarorum,</strong></span> <span class='ocrx_word' id='word_1_187' title='bbox 813 1646 925 1672; x_wconf 82' lang='lat' dir='ltr'><strong>tamen</strong></span> <span class='ocrx_word' id='word_1_188' title='bbox 942 1639 1052 1680; x_wconf 84' lang='lat' dir='ltr'><strong>majus</strong></span> <span class='ocrx_word' id='word_1_189' title='bbox 1068 1637 1175 1670; x_wconf 88' lang='lat' dir='ltr'><strong>fuisse</strong></span> <span class='ocrx_word' id='word_1_190' title='bbox 1191 1637 1280 1669; x_wconf 87' lang='lat' dir='ltr'><strong>illius</strong></span> <span class='ocrx_word' id='word_1_191' title='bbox 1304 1637 1447 1678; x_wconf 81' lang='lat' dir='ltr'><strong>crimen,</strong></span> <span class='ocrx_word' id='word_1_192' title='bbox 1461 1636 1617 1677; x_wconf 83' lang='lat' dir='ltr'><strong>adeoque</strong></span> <span class='ocrx_word' id='word_1_193' title='bbox 1642 1633 1773 1675; x_wconf 80' lang='lat' dir='ltr'><strong>magui-</strong></span> 
     </span>
     <span class='ocr_line' id='line_1_25' title="bbox 301 1676 1768 1727; baseline -0.007 -8"><span class='ocrx_word' id='word_1_194' title='bbox 301 1687 454 1719; x_wconf 85' lang='lat' dir='ltr'><strong>tudinem</strong></span> <span class='ocrx_word' id='word_1_195' title='bbox 483 1686 590 1718; x_wconf 85' lang='lat' dir='ltr'><strong>cladis</strong></span> <span class='ocrx_word' id='word_1_196' title='bbox 616 1684 853 1727; x_wconf 84' lang='lat' dir='ltr'><strong>magnitudine</strong></span> <span class='ocrx_word' id='word_1_197' title='bbox 881 1683 1034 1715; x_wconf 87' lang='lat' dir='ltr'><strong>criminis</strong></span> <span class='ocrx_word' id='word_1_198' title='bbox 1065 1679 1314 1713; x_wconf 62' lang='lat' dir='ltr'><strong>antecessisse?</strong></span> <span class='ocrx_word' id='word_1_199' title='bbox 1336 1679 1550 1712; x_wconf 60' lang='lat' dir='ltr'><strong>Pernam—5</strong></span> <span class='ocrx_word' id='word_1_200' title='bbox 1578 1678 1636 1710; x_wconf 84' lang='lat' dir='ltr'><strong>Ita</strong></span> <span class='ocrx_word' id='word_1_201' title='bbox 1665 1676 1768 1710; x_wconf 87' lang='lat' dir='ltr'><strong>codd.</strong></span> 
     </span>
     <span class='ocr_line' id='line_1_26' title="bbox 302 1723 1770 1771; baseline -0.007 -8"><span class='ocrx_word' id='word_1_202' title='bbox 302 1730 383 1762; x_wconf 87' lang='lat' dir='ltr'><strong>vide</strong></span> <span class='ocrx_word' id='word_1_203' title='bbox 397 1730 557 1771; x_wconf 88' lang='lat' dir='ltr'><strong>Interpp.</strong></span> <span class='ocrx_word' id='word_1_204' title='bbox 573 1728 616 1761; x_wconf 89' lang='lat' dir='ltr'><strong>ad</strong></span> <span class='ocrx_word' id='word_1_205' title='bbox 634 1729 724 1760; x_wconf 87' lang='lat' dir='ltr'><strong>Flor.</strong></span> <span class='ocrx_word' id='word_1_206' title='bbox 748 1737 805 1759; x_wconf 88' lang='lat'><strong>111.</strong></span> <span class='ocrx_word' id='word_1_207' title='bbox 829 1730 862 1759; x_wconf 81' lang='lat'><strong>2.</strong></span> <span class='ocrx_word' id='word_1_208' title='bbox 885 1726 1030 1767; x_wconf 85' lang='lat' dir='ltr'><strong>Pighius</strong></span> <span class='ocrx_word' id='word_1_209' title='bbox 1058 1732 1174 1757; x_wconf 85' lang='lat' dir='ltr'><strong>tamen</strong></span> <span class='ocrx_word' id='word_1_210' title='bbox 1199 1723 1358 1764; x_wconf 87' lang='lat' dir='ltr'><strong>dederat,</strong></span> <span class='ocrx_word' id='word_1_211' title='bbox 1381 1723 1512 1755; x_wconf 79' lang='lat' dir='ltr'><strong>Betullo</strong></span> <span class='ocrx_word' id='word_1_212' title='bbox 1533 1730 1578 1754; x_wconf 86' lang='lat' dir='ltr'><strong>ex</strong></span> <span class='ocrx_word' id='word_1_213' title='bbox 1599 1728 1770 1753; x_wconf 79' lang='lat' dir='ltr'><strong>marmore</strong></span> 
     </span>
     <span class='ocr_line' id='line_1_27' title="bbox 301 1764 1771 1817; baseline -0.007 -10"><span class='ocrx_word' id='word_1_214' title='bbox 301 1774 457 1817; x_wconf 84' lang='lat' dir='ltr'><strong>antiquo.</strong></span> <span class='ocrx_word' id='word_1_215' title='bbox 504 1773 610 1805; x_wconf 91' lang='lat' dir='ltr'><strong>Paulo</strong></span> <span class='ocrx_word' id='word_1_216' title='bbox 627 1776 705 1814; x_wconf 84' lang='lat' dir='ltr'><strong>post</strong></span> <span class='ocrx_word' id='word_1_217' title='bbox 728 1771 859 1814; x_wconf 89' lang='lat' dir='ltr'><strong>aliquot</strong></span> <span class='ocrx_word' id='word_1_218' title='bbox 881 1769 981 1802; x_wconf 87' lang='lat' dir='ltr'><strong>codd.</strong></span> <span class='ocrx_word' id='word_1_219' title='bbox 1003 1772 1070 1801; x_wconf 79' lang='lat' dir='ltr'><strong>tam</strong></span> <span class='ocrx_word' id='word_1_220' title='bbox 1090 1778 1178 1800; x_wconf 74' lang='lat' dir='ltr'><strong>suam</strong></span> <span class='ocrx_word' id='word_1_221' title='bbox 1206 1777 1297 1809; x_wconf 80' lang='lat' dir='ltr'><strong>quam</strong></span> <span class='ocrx_word' id='word_1_222' title='bbox 1319 1770 1351 1799; x_wconf 82' lang='lat' dir='ltr'><strong>et</strong></span> <span class='ocrx_word' id='word_1_223' title='bbox 1373 1766 1417 1799; x_wconf 82' lang='lat' dir='ltr'><strong>A.</strong></span> <span class='ocrx_word' id='word_1_224' title='bbox 1438 1769 1565 1807; x_wconf 82' lang='lat' dir='ltr'><strong>gentem</strong></span> <span class='ocrx_word' id='word_1_225' title='bbox 1573 1775 1588 1804; x_wconf 83' lang='lat'><strong>‚-</strong></span> <span class='ocrx_word' id='word_1_226' title='bbox 1614 1764 1682 1806; x_wconf 86' lang='lat' dir='ltr'><strong>vel,</strong></span> <span class='ocrx_word' id='word_1_227' title='bbox 1702 1765 1771 1796; x_wconf 73' lang='lat' dir='ltr'><strong>tum</strong></span> 
     </span>
    </p>
   </div>
   <div class='ocr_carea' id='block_1_7' title="bbox 963 1866 1105 1900">
    <p class='ocr_par' dir='ltr' id='par_1_7' title="bbox 963 1866 1105 1900">
     <span class='ocr_line' id='line_1_28' title="bbox 963 1866 1105 1900; baseline -0.014 0"><span class='ocrx_word' id='word_1_228' title='bbox 963 1867 995 1900; x_wconf 94' lang='lat' dir='ltr'>N</span> <span class='ocrx_word' id='word_1_229' title='bbox 1000 1866 1105 1899; x_wconf 86' lang='lat' dir='ltr'><strong>OTAE</strong></span> 
     </span>
    </p>
   </div>
   <div class='ocr_carea' id='block_1_8' title="bbox 344 1943 1005 1985">
    <p class='ocr_par' dir='ltr' id='par_1_8' title="bbox 344 1943 1005 1985">
     <span class='ocr_line' id='line_1_29' title="bbox 344 1943 1005 1985; baseline -0.009 -4"><span class='ocrx_word' id='word_1_230' title='bbox 344 1954 361 1985; x_wconf 65' lang='lat'><strong>¹!-</strong></span> <span class='ocrx_word' id='word_1_231' title='bbox 386 1946 453 1980; x_wconf 86' lang='lat' dir='ltr'><strong>An.</strong></span> <span class='ocrx_word' id='word_1_232' title='bbox 469 1947 520 1979; x_wconf 92' lang='lat' dir='ltr'><strong>M.</strong></span> <span class='ocrx_word' id='word_1_233' title='bbox 537 1949 635 1979; x_wconf 79' lang='lat'><strong>3903.</strong></span> <span class='ocrx_word' id='word_1_234' title='bbox 651 1945 708 1978; x_wconf 93' lang='lat' dir='ltr'><strong>Ol.</strong></span> <span class='ocrx_word' id='word_1_235' title='bbox 727 1947 801 1977; x_wconf 77' lang='lat'><strong>15⁷.</strong></span> <span class='ocrx_word' id='word_1_236' title='bbox 817 1947 849 1976; x_wconf 84' lang='lat'><strong>2.</strong></span> <span class='ocrx_word' id='word_1_237' title='bbox 862 1943 948 1976; x_wconf 84' lang='lat' dir='ltr'><strong>Urb.</strong></span> <span class='ocrx_word' id='word_1_238' title='bbox 966 1943 1005 1975; x_wconf 90' lang='lat' dir='ltr'><strong>C.</strong></span> 
     </span>
    </p>
   </div>
   <div class='ocr_carea' id='block_1_9' title="bbox 303 1998 1008 2090">
    <p class='ocr_par' dir='ltr' id='par_1_9' title="bbox 303 1998 1008 2090">
     <span class='ocr_line' id='line_1_30' title="bbox 303 1998 650 2032; baseline -0.009 0"><span class='ocrx_word' id='word_1_239' title='bbox 303 2002 380 2032; x_wconf 88' lang='grc'><strong>602.</strong></span> <span class='ocrx_word' id='word_1_240' title='bbox 397 1998 479 2031; x_wconf 89' lang='lat' dir='ltr'><strong>Ant.</strong></span> <span class='ocrx_word' id='word_1_241' title='bbox 496 1998 558 2031; x_wconf 89' lang='lat' dir='ltr'><strong>Ch.</strong></span> <span class='ocrx_word' id='word_1_242' title='bbox 576 2000 650 2029; x_wconf 84' lang='lat'><strong>150.</strong></span> 
     </span>
     <span class='ocr_line' id='line_1_31' title="bbox 346 2043 1008 2090; baseline -0.011 -8"><span class='ocrx_word' id='word_1_243' title='bbox 346 2055 360 2072; x_wconf 79' lang='lat' dir='ltr'>c</span> <span class='ocrx_word' id='word_1_244' title='bbox 375 2051 483 2082; x_wconf 80' lang='lat' dir='ltr'><strong>Iratus</strong></span> <span class='ocrx_word' id='word_1_245' title='bbox 497 2047 644 2090; x_wconf 81' lang='lat' dir='ltr'><strong>namque]</strong></span> <span class='ocrx_word' id='word_1_246' title='bbox 676 2048 788 2080; x_wconf 83' lang='lat' dir='ltr'><strong>Locus</strong></span> <span class='ocrx_word' id='word_1_247' title='bbox 802 2046 904 2088; x_wconf 89' lang='lat' dir='ltr'><strong>plane</strong></span> <span class='ocrx_word' id='word_1_248' title='bbox 921 2043 1008 2076; x_wconf 91' lang='lat' dir='ltr'><strong>diffi-</strong></span> 
     </span>
    </p>
   </div>
   <div class='ocr_carea' id='block_1_10' title="bbox 1062 1985 1769 2081">
    <p class='ocr_par' dir='ltr' id='par_1_10' title="bbox 1062 1985 1769 2081">
     <span class='ocr_line' id='line_1_32' title="bbox 1063 1985 1768 2025; baseline -0.011 0"><span class='ocrx_word' id='word_1_249' title='bbox 1063 2003 1136 2025; x_wconf 89' lang='lat' dir='ltr'><strong>rum</strong></span> <span class='ocrx_word' id='word_1_250' title='bbox 1154 1996 1277 2024; x_wconf 84' lang='lat' dir='ltr'><strong>contra</strong></span> <span class='ocrx_word' id='word_1_251' title='bbox 1304 1990 1447 2023; x_wconf 87' lang='lat' dir='ltr'><strong>Fabium</strong></span> <span class='ocrx_word' id='word_1_252' title='bbox 1471 1987 1513 2020; x_wconf 85' lang='lat' dir='ltr'><strong>ad</strong></span> <span class='ocrx_word' id='word_1_253' title='bbox 1539 1985 1768 2020; x_wconf 76' lang='lat' dir='ltr'><strong>confluentem</strong></span> 
     </span>
     <span class='ocr_line' id='line_1_33' title="bbox 1062 2041 1769 2081; baseline -0.01 -4"><span class='ocrx_word' id='word_1_254' title='bbox 1062 2044 1097 2076; x_wconf 91' lang='lat' dir='ltr'><strong>in</strong></span> <span class='ocrx_word' id='word_1_255' title='bbox 1139 2043 1342 2076; x_wconf 83' lang='lat' dir='ltr'><strong>Rhodanum</strong></span> <span class='ocrx_word' id='word_1_256' title='bbox 1381 2041 1531 2079; x_wconf 66' lang='lat' dir='ltr'><strong>Isaram</strong></span> <span class='ocrx_word' id='word_1_257' title='bbox 1575 2047 1769 2081; x_wconf 80' lang='lat' dir='ltr'><strong>magnaque</strong></span> 
     </span>
    </p>
   </div>
   <div class='ocr_carea' id='block_1_11' title="bbox 1064 1935 1840 1974">
    <p class='ocr_par' dir='ltr' id='par_1_11' title="bbox 1064 1935 1840 1974">
     <span class='ocr_line' id='line_1_34' title="bbox 1064 1935 1840 1974; baseline -0.01 0"><span class='ocrx_word' id='word_1_258' title='bbox 1064 1940 1256 1974; x_wconf 90' lang='lat' dir='ltr'><strong>Domitium</strong></span> <span class='ocrx_word' id='word_1_259' title='bbox 1287 1939 1331 1972; x_wconf 91' lang='lat' dir='ltr'><strong>ad</strong></span> <span class='ocrx_word' id='word_1_260' title='bbox 1353 1938 1479 1971; x_wconf 88' lang='lat' dir='ltr'><strong>flumen</strong></span> <span class='ocrx_word' id='word_1_261' title='bbox 1505 1935 1770 1974; x_wconf 83' lang='lat' dir='ltr'><strong>Undalum,ite·</strong></span> <span class='ocrx_word' id='word_1_262' title='bbox 1838 1972 1840 1974; x_wconf 27' lang='lat'>¹</span> 
     </span>
    </p>
   </div>
   <div class='ocr_carea' id='block_1_12' title="bbox 301 2096 1011 2805">
    <p class='ocr_par' dir='ltr' id='par_1_12' title="bbox 301 2096 1011 2805">
     <span class='ocr_line' id='line_1_35' title="bbox 302 2096 1009 2142; baseline -0.011 -8"><span class='ocrx_word' id='word_1_263' title='bbox 302 2101 398 2142; x_wconf 79' lang='lat' dir='ltr'><strong>cilis3</strong></span> <span class='ocrx_word' id='word_1_264' title='bbox 433 2110 510 2132; x_wconf 87' lang='lat' dir='ltr'><strong>cum</strong></span> <span class='ocrx_word' id='word_1_265' title='bbox 535 2104 571 2131; x_wconf 88' lang='lat' dir='ltr'><strong>et</strong></span> <span class='ocrx_word' id='word_1_266' title='bbox 597 2098 641 2131; x_wconf 90' lang='lat' dir='ltr'><strong>ab</strong></span> <span class='ocrx_word' id='word_1_267' title='bbox 671 2098 746 2130; x_wconf 88' lang='lat' dir='ltr'><strong>aliis</strong></span> <span class='ocrx_word' id='word_1_268' title='bbox 770 2096 943 2136; x_wconf 90' lang='lat' dir='ltr'><strong>Valerius,</strong></span> <span class='ocrx_word' id='word_1_269' title='bbox 973 2100 1009 2127; x_wconf 88' lang='lat' dir='ltr'><strong>et</strong></span> 
     </span>
     <span class='ocr_line' id='line_1_36' title="bbox 302 2147 1009 2185; baseline -0.008 -1"><span class='ocrx_word' id='word_1_270' title='bbox 302 2152 359 2185; x_wconf 83' lang='lat' dir='ltr'><strong>alii</strong></span> <span class='ocrx_word' id='word_1_271' title='bbox 378 2152 468 2183; x_wconf 87' lang='lat' dir='ltr'><strong>inter</strong></span> <span class='ocrx_word' id='word_1_272' title='bbox 482 2160 518 2182; x_wconf 89' lang='lat' dir='ltr'><strong>se</strong></span> <span class='ocrx_word' id='word_1_273' title='bbox 535 2149 751 2182; x_wconf 80' lang='lat' dir='ltr'><strong>dissentiant.</strong></span> <span class='ocrx_word' id='word_1_274' title='bbox 795 2147 914 2180; x_wconf 86' lang='lat' dir='ltr'><strong>Tradit</strong></span> <span class='ocrx_word' id='word_1_275' title='bbox 928 2147 1009 2178; x_wconf 86' lang='lat' dir='ltr'><strong>Sue-</strong></span> 
     </span>
     <span class='ocr_line' id='line_1_37' title="bbox 301 2198 1009 2241; baseline -0.01 -5"><span class='ocrx_word' id='word_1_276' title='bbox 301 2203 418 2236; x_wconf 84' lang='lat' dir='ltr'><strong>tonius</strong></span> <span class='ocrx_word' id='word_1_277' title='bbox 456 2201 673 2241; x_wconf 85' lang='lat' dir='ltr'><strong>Allobrogas,</strong></span> <span class='ocrx_word' id='word_1_278' title='bbox 710 2198 952 2240; x_wconf 84' lang='lat' dir='ltr'><strong>Arvernosque</strong></span> <span class='ocrx_word' id='word_1_279' title='bbox 988 2207 1009 2229; x_wconf 84' lang='lat' dir='ltr'><strong>a</strong></span> 
     </span>
     <span class='ocr_line' id='line_1_38' title="bbox 301 2243 1009 2287; baseline -0.011 0"><span class='ocrx_word' id='word_1_280' title='bbox 301 2254 456 2287; x_wconf 90' lang='lat' dir='ltr'><strong>Domitio</strong></span> <span class='ocrx_word' id='word_1_281' title='bbox 470 2253 602 2284; x_wconf 87' lang='lat' dir='ltr'><strong>victos:</strong></span> <span class='ocrx_word' id='word_1_282' title='bbox 627 2243 779 2283; x_wconf 72' lang='lat' dir='ltr'><strong>Velleius</strong></span> <span class='ocrx_word' id='word_1_283' title='bbox 796 2248 972 2281; x_wconf 86' lang='lat' dir='ltr'><strong>Arvernos</strong></span> <span class='ocrx_word' id='word_1_284' title='bbox 988 2253 1009 2279; x_wconf 78' lang='lat' dir='ltr'><strong>a</strong></span> 
     </span>
     <span class='ocr_line' id='line_1_39' title="bbox 302 2298 1007 2345; baseline -0.01 -8"><span class='ocrx_word' id='word_1_285' title='bbox 302 2301 621 2345; x_wconf 86' lang='lat' dir='ltr'><strong>Domitio,aFabio</strong></span> <span class='ocrx_word' id='word_1_286' title='bbox 649 2299 878 2341; x_wconf 84' lang='lat' dir='ltr'><strong>Allobrogas:</strong></span> <span class='ocrx_word' id='word_1_287' title='bbox 914 2298 1007 2340; x_wconf 90' lang='lat' dir='ltr'><strong>Epit.</strong></span> 
     </span>
     <span class='ocr_line' id='line_1_40' title="bbox 303 2350 1007 2390; baseline -0.011 -2"><span class='ocrx_word' id='word_1_288' title='bbox 303 2356 445 2388; x_wconf 85' lang='lat' dir='ltr'><strong>Liviana</strong></span> <span class='ocrx_word' id='word_1_289' title='bbox 468 2354 528 2386; x_wconf 90' lang='lat' dir='ltr'><strong>lib.</strong></span> <span class='ocrx_word' id='word_1_290' title='bbox 555 2361 630 2384; x_wconf 64' lang='grc' dir='ltr'><strong>ιιι.</strong></span> <span class='ocrx_word' id='word_1_291' title='bbox 668 2350 873 2390; x_wconf 85' lang='lat' dir='ltr'><strong>Allobrogas</strong></span> <span class='ocrx_word' id='word_1_292' title='bbox 897 2360 917 2381; x_wconf 87' lang='lat' dir='ltr'><strong>a</strong></span> <span class='ocrx_word' id='word_1_293' title='bbox 937 2350 1007 2381; x_wconf 92' lang='lat' dir='ltr'><strong>Do-</strong></span> 
     </span>
     <span class='ocr_line' id='line_1_41' title="bbox 302 2400 1009 2446; baseline -0.011 -8"><span class='ocrx_word' id='word_1_294' title='bbox 302 2406 399 2438; x_wconf 84' lang='lat' dir='ltr'><strong>mitio</strong></span> <span class='ocrx_word' id='word_1_295' title='bbox 412 2416 424 2446; x_wconf 75' lang='lat'><em>3</em></span> <span class='ocrx_word' id='word_1_296' title='bbox 454 2416 474 2436; x_wconf 90' lang='lat' dir='ltr'><strong>a</strong></span> <span class='ocrx_word' id='word_1_297' title='bbox 488 2404 593 2437; x_wconf 89' lang='lat' dir='ltr'><strong>Fabio</strong></span> <span class='ocrx_word' id='word_1_298' title='bbox 608 2411 688 2434; x_wconf 84' lang='lat' dir='ltr'><strong>vero</strong></span> <span class='ocrx_word' id='word_1_299' title='bbox 701 2406 738 2433; x_wconf 89' lang='lat' dir='ltr'><strong>et</strong></span> <span class='ocrx_word' id='word_1_300' title='bbox 752 2400 958 2441; x_wconf 85' lang='lat' dir='ltr'><strong>Allobrogas</strong></span> <span class='ocrx_word' id='word_1_301' title='bbox 973 2406 1009 2431; x_wconf 82' lang='lat' dir='ltr'><strong>et</strong></span> 
     </span>
     <span class='ocr_line' id='line_1_42' title="bbox 302 2451 1009 2492; baseline -0.013 -2"><span class='ocrx_word' id='word_1_302' title='bbox 302 2457 500 2490; x_wconf 87' lang='lat' dir='ltr'><strong>Arvernos:</strong></span> <span class='ocrx_word' id='word_1_303' title='bbox 538 2455 656 2486; x_wconf 88' lang='lat' dir='ltr'><strong>Florus</strong></span> <span class='ocrx_word' id='word_1_304' title='bbox 679 2457 715 2485; x_wconf 91' lang='lat' dir='ltr'><strong>et</strong></span> <span class='ocrx_word' id='word_1_305' title='bbox 744 2451 929 2492; x_wconf 83' lang='lat' dir='ltr'><strong>Eutropius</strong></span> <span class='ocrx_word' id='word_1_306' title='bbox 956 2459 1009 2482; x_wconf 87' lang='lat' dir='ltr'><strong>res</strong></span> 
     </span>
     <span class='ocr_line' id='line_1_43' title="bbox 303 2500 1010 2549; baseline -0.014 -7"><span class='ocrx_word' id='word_1_307' title='bbox 303 2509 347 2542; x_wconf 87' lang='lat' dir='ltr'><strong>ab</strong></span> <span class='ocrx_word' id='word_1_308' title='bbox 375 2512 519 2549; x_wconf 83' lang='lat' dir='ltr'><strong>utroque</strong></span> <span class='ocrx_word' id='word_1_309' title='bbox 547 2509 661 2546; x_wconf 83' lang='lat' dir='ltr'><strong>gestas</strong></span> <span class='ocrx_word' id='word_1_310' title='bbox 690 2502 914 2546; x_wconf 86' lang='lat' dir='ltr'><strong>permiscent.</strong></span> <span class='ocrx_word' id='word_1_311' title='bbox 960 2500 1010 2533; x_wconf 92' lang='lat' dir='ltr'><strong>Ut</strong></span> 
     </span>
     <span class='ocr_line' id='line_1_44' title="bbox 303 2553 1009 2598; baseline -0.013 -6"><span class='ocrx_word' id='word_1_312' title='bbox 303 2569 363 2592; x_wconf 91' lang='lat' dir='ltr'><strong>eos</strong></span> <span class='ocrx_word' id='word_1_313' title='bbox 389 2567 517 2597; x_wconf 88' lang='lat' dir='ltr'><strong>omnes,</strong></span> <span class='ocrx_word' id='word_1_314' title='bbox 542 2554 652 2598; x_wconf 88' lang='lat' dir='ltr'><strong>quoad</strong></span> <span class='ocrx_word' id='word_1_315' title='bbox 680 2555 754 2596; x_wconf 82' lang='lat' dir='ltr'><strong>ejus</strong></span> <span class='ocrx_word' id='word_1_316' title='bbox 780 2553 854 2585; x_wconf 88' lang='lat' dir='ltr'><strong>fieri</strong></span> <span class='ocrx_word' id='word_1_317' title='bbox 882 2555 1009 2594; x_wconf 78' lang='lat' dir='ltr'><strong>potest,</strong></span> 
     </span>
     <span class='ocr_line' id='line_1_45' title="bbox 303 2602 1010 2647; baseline -0.013 -4"><span class='ocrx_word' id='word_1_318' title='bbox 303 2610 536 2647; x_wconf 86' lang='lat' dir='ltr'><strong>conciliemus,</strong></span> <span class='ocrx_word' id='word_1_319' title='bbox 550 2617 592 2639; x_wconf 91' lang='lat' dir='ltr'><strong>ea</strong></span> <span class='ocrx_word' id='word_1_320' title='bbox 607 2606 704 2647; x_wconf 84' lang='lat' dir='ltr'><strong>ratio,</strong></span> <span class='ocrx_word' id='word_1_321' title='bbox 722 2614 824 2647; x_wconf 86' lang='lat' dir='ltr'><strong>quam</strong></span> <span class='ocrx_word' id='word_1_322' title='bbox 849 2602 1010 2645; x_wconf 83' lang='lat' dir='ltr'><strong>suppedi-</strong></span> 
     </span>
     <span class='ocr_line' id='line_1_46' title="bbox 302 2654 1011 2699; baseline -0.013 -6"><span class='ocrx_word' id='word_1_323' title='bbox 302 2665 358 2693; x_wconf 82' lang='lat' dir='ltr'><strong>tat</strong></span> <span class='ocrx_word' id='word_1_324' title='bbox 386 2659 524 2699; x_wconf 86' lang='lat' dir='ltr'><strong>Strabo,</strong></span> <span class='ocrx_word' id='word_1_325' title='bbox 548 2656 698 2689; x_wconf 88' lang='lat' dir='ltr'><strong>ineunda</strong></span> <span class='ocrx_word' id='word_1_326' title='bbox 725 2659 789 2688; x_wconf 87' lang='lat' dir='ltr'><strong>est.</strong></span> <span class='ocrx_word' id='word_1_327' title='bbox 850 2654 1011 2686; x_wconf 76' lang='lat' dir='ltr'><strong>Betulius</strong></span> 
     </span>
     <span class='ocr_line' id='line_1_47' title="bbox 305 2705 1009 2750; baseline -0.011 -6"><span class='ocrx_word' id='word_1_328' title='bbox 305 2717 426 2744; x_wconf 86' lang='lat' dir='ltr'><strong>contra</strong></span> <span class='ocrx_word' id='word_1_329' title='bbox 455 2711 627 2742; x_wconf 85' lang='lat' dir='ltr'><strong>Romanos</strong></span> <span class='ocrx_word' id='word_1_330' title='bbox 653 2706 832 2750; x_wconf 87' lang='lat' dir='ltr'><strong>pugnavit,</strong></span> <span class='ocrx_word' id='word_1_331' title='bbox 849 2705 1009 2738; x_wconf 87' lang='lat' dir='ltr'><strong>Allobro-</strong></span> 
     </span>
     <span class='ocr_line' id='line_1_48' title="bbox 304 2756 1008 2805; baseline -0.009 -11"><span class='ocrx_word' id='word_1_332' title='bbox 304 2772 385 2805; x_wconf 79' lang='lat' dir='ltr'><strong>gum</strong></span> <span class='ocrx_word' id='word_1_333' title='bbox 401 2760 533 2793; x_wconf 79' lang='lat' dir='ltr'><strong>auxiliis</strong></span> <span class='ocrx_word' id='word_1_334' title='bbox 558 2759 686 2792; x_wconf 89' lang='lat' dir='ltr'><strong>fretus:</strong></span> <span class='ocrx_word' id='word_1_335' title='bbox 722 2756 867 2801; x_wconf 87' lang='lat' dir='ltr'><strong>primum</strong></span> <span class='ocrx_word' id='word_1_336' title='bbox 889 2760 1008 2789; x_wconf 85' lang='lat' dir='ltr'><strong>eontra</strong></span> 
     </span>
    </p>
   </div>
   <div class='ocr_carea' id='block_1_13' title="bbox 1063 2090 1770 2338">
    <p class='ocr_par' dir='ltr' id='par_1_13' title="bbox 1063 2090 1770 2338">
     <span class='ocr_line' id='line_1_49' title="bbox 1063 2090 1769 2137; baseline -0.008 -10"><span class='ocrx_word' id='word_1_337' title='bbox 1063 2098 1179 2137; x_wconf 80' lang='lat' dir='ltr'><strong>strage</strong></span> <span class='ocrx_word' id='word_1_338' title='bbox 1195 2095 1229 2126; x_wconf 93' lang='lat' dir='ltr'><strong>in</strong></span> <span class='ocrx_word' id='word_1_339' title='bbox 1253 2098 1400 2135; x_wconf 85' lang='lat' dir='ltr'><strong>utroque</strong></span> <span class='ocrx_word' id='word_1_340' title='bbox 1427 2090 1549 2133; x_wconf 86' lang='lat' dir='ltr'><strong>praelio</strong></span> <span class='ocrx_word' id='word_1_341' title='bbox 1575 2090 1687 2122; x_wconf 82' lang='lat' dir='ltr'><strong>victus</strong></span> <span class='ocrx_word' id='word_1_342' title='bbox 1703 2093 1769 2121; x_wconf 80' lang='lat' dir='ltr'><strong>est.</strong></span> 
     </span>
     <span class='ocr_line' id='line_1_50' title="bbox 1063 2139 1769 2185; baseline -0.008 -7"><span class='ocrx_word' id='word_1_343' title='bbox 1063 2146 1152 2178; x_wconf 84' lang='lat' dir='ltr'><strong>Post</strong></span> <span class='ocrx_word' id='word_1_344' title='bbox 1166 2144 1371 2185; x_wconf 83' lang='lat' dir='ltr'><strong>Allobroges</strong></span> <span class='ocrx_word' id='word_1_345' title='bbox 1394 2141 1604 2175; x_wconf 89' lang='lat' dir='ltr'><strong>deditionem</strong></span> <span class='ocrx_word' id='word_1_346' title='bbox 1621 2139 1769 2181; x_wconf 84' lang='lat' dir='ltr'><strong>faciunt,</strong></span> 
     </span>
     <span class='ocr_line' id='line_1_51' title="bbox 1063 2191 1770 2237; baseline -0.01 -9"><span class='ocrx_word' id='word_1_347' title='bbox 1063 2206 1107 2228; x_wconf 87' lang='lat' dir='ltr'><strong>ex</strong></span> <span class='ocrx_word' id='word_1_348' title='bbox 1137 2195 1327 2237; x_wconf 87' lang='lat' dir='ltr'><strong>Eutropio;</strong></span> <span class='ocrx_word' id='word_1_349' title='bbox 1361 2197 1397 2225; x_wconf 88' lang='lat' dir='ltr'><strong>et</strong></span> <span class='ocrx_word' id='word_1_350' title='bbox 1425 2192 1589 2226; x_wconf 78' lang='lat' dir='ltr'><strong>Betultus</strong></span> <span class='ocrx_word' id='word_1_351' title='bbox 1613 2191 1700 2233; x_wconf 79' lang='lat' dir='ltr'><strong>ipse,</strong></span> <span class='ocrx_word' id='word_1_352' title='bbox 1725 2200 1770 2222; x_wconf 86' lang='lat' dir='ltr'><strong>ex</strong></span> 
     </span>
     <span class='ocr_line' id='line_1_52' title="bbox 1064 2241 1769 2289; baseline -0.009 -10"><span class='ocrx_word' id='word_1_353' title='bbox 1064 2246 1161 2289; x_wconf 85' lang='lat' dir='ltr'><strong>Epit.</strong></span> <span class='ocrx_word' id='word_1_354' title='bbox 1186 2246 1262 2278; x_wconf 89' lang='lat' dir='ltr'><strong>Liv.</strong></span> <span class='ocrx_word' id='word_1_355' title='bbox 1279 2246 1423 2277; x_wconf 88' lang='lat' dir='ltr'><strong>Romam</strong></span> <span class='ocrx_word' id='word_1_356' title='bbox 1450 2247 1574 2285; x_wconf 86' lang='lat' dir='ltr'><strong>sponte</strong></span> <span class='ocrx_word' id='word_1_357' title='bbox 1588 2242 1696 2284; x_wconf 86' lang='lat' dir='ltr'><strong>veuit,</strong></span> <span class='ocrx_word' id='word_1_358' title='bbox 1707 2241 1769 2274; x_wconf 81' lang='lat' dir='ltr'><strong>sed</strong></span> 
     </span>
     <span class='ocr_line' id='line_1_53' title="bbox 1063 2292 1770 2338; baseline -0.007 -8"><span class='ocrx_word' id='word_1_359' title='bbox 1063 2307 1194 2330; x_wconf 86' lang='lat' dir='ltr'><strong>summa</strong></span> <span class='ocrx_word' id='word_1_360' title='bbox 1221 2296 1368 2338; x_wconf 75' lang='lat' dir='ltr'><strong>pertidia</strong></span> <span class='ocrx_word' id='word_1_361' title='bbox 1395 2294 1498 2327; x_wconf 87' lang='lat' dir='ltr'><strong>Albae</strong></span> <span class='ocrx_word' id='word_1_362' title='bbox 1526 2292 1770 2326; x_wconf 72' lang='lat' dir='ltr'><strong>custodiendus</strong></span> 
     </span>
    </p>
   </div>
   <div class='ocr_carea' id='block_1_14' title="bbox 1064 2349 1770 2440">
    <p class='ocr_par' dir='ltr' id='par_1_14' title="bbox 1064 2349 1770 2440">
     <span class='ocr_line' id='line_1_54' title="bbox 1064 2349 1246 2381; baseline -0.005 0"><span class='ocrx_word' id='word_1_363' title='bbox 1064 2349 1246 2381; x_wconf 83' lang='lat' dir='ltr'><strong>retinetur.</strong></span> 
     </span>
     <span class='ocr_line' id='line_1_55' title="bbox 1105 2394 1770 2440; baseline -0.008 -9"><span class='ocrx_word' id='word_1_364' title='bbox 1105 2399 1121 2421; x_wconf 83' lang='lat'><strong>‘¹</strong></span> <span class='ocrx_word' id='word_1_365' title='bbox 1150 2399 1273 2431; x_wconf 76' lang='lat' dir='ltr'><strong>Bituito</strong></span> <span class='ocrx_word' id='word_1_366' title='bbox 1286 2395 1450 2440; x_wconf 80' lang='lat' dir='ltr'><strong>[Belulto]</strong></span> <span class='ocrx_word' id='word_1_367' title='bbox 1470 2395 1607 2427; x_wconf 86' lang='lat' dir='ltr'><strong>Dicitur</strong></span> <span class='ocrx_word' id='word_1_368' title='bbox 1620 2394 1711 2427; x_wconf 88' lang='lat' dir='ltr'><strong>enim</strong></span> <span class='ocrx_word' id='word_1_369' title='bbox 1733 2397 1770 2426; x_wconf 90' lang='lat' dir='ltr'><strong>et</strong></span> 
     </span>
    </p>
   </div>
   <div class='ocr_carea' id='block_1_15' title="bbox 1063 2448 1769 2593">
    <p class='ocr_par' dir='ltr' id='par_1_15' title="bbox 1063 2448 1769 2593">
     <span class='ocr_line' id='line_1_56' title="bbox 1063 2448 1454 2489; baseline -0.013 -6"><span class='ocrx_word' id='word_1_370' title='bbox 1063 2451 1229 2489; x_wconf 68' lang='lat' dir='ltr'><strong>Betustus,</strong></span> <span class='ocrx_word' id='word_1_371' title='bbox 1242 2453 1278 2481; x_wconf 88' lang='lat' dir='ltr'><strong>et</strong></span> <span class='ocrx_word' id='word_1_372' title='bbox 1293 2448 1454 2480; x_wconf 74' lang='lat' dir='ltr'><strong>Betuzius.</strong></span> 
     </span>
     <span class='ocr_line' id='line_1_57' title="bbox 1106 2494 1769 2540; baseline -0.011 -7"><span class='ocrx_word' id='word_1_373' title='bbox 1106 2506 1120 2521; x_wconf 63' lang='grc' dir='ltr'><strong>Θ</strong></span> <span class='ocrx_word' id='word_1_374' title='bbox 1146 2501 1187 2536; x_wconf 88' lang='lat' dir='ltr'><strong>Q.</strong></span> <span class='ocrx_word' id='word_1_375' title='bbox 1206 2499 1314 2540; x_wconf 78' lang='lat' dir='ltr'><strong>Fabii]</strong></span> <span class='ocrx_word' id='word_1_376' title='bbox 1346 2496 1515 2530; x_wconf 84' lang='lat' dir='ltr'><strong>AEmiliani</strong></span> <span class='ocrx_word' id='word_1_377' title='bbox 1543 2494 1769 2537; x_wconf 86' lang='lat' dir='ltr'><strong>Allobrogici,</strong></span> 
     </span>
     <span class='ocr_line' id='line_1_58' title="bbox 1065 2545 1769 2593; baseline -0.007 -11"><span class='ocrx_word' id='word_1_378' title='bbox 1065 2551 1122 2593; x_wconf 91' lang='lat' dir='ltr'><strong>qui</strong></span> <span class='ocrx_word' id='word_1_379' title='bbox 1138 2551 1308 2592; x_wconf 86' lang='lat' dir='ltr'><strong>Scipionis</strong></span> <span class='ocrx_word' id='word_1_380' title='bbox 1324 2547 1496 2580; x_wconf 88' lang='lat' dir='ltr'><strong>AEmiliani</strong></span> <span class='ocrx_word' id='word_1_381' title='bbox 1511 2556 1554 2578; x_wconf 87' lang='lat' dir='ltr'><strong>ex</strong></span> <span class='ocrx_word' id='word_1_382' title='bbox 1580 2545 1689 2578; x_wconf 84' lang='lat' dir='ltr'><strong>fratre</strong></span> <span class='ocrx_word' id='word_1_383' title='bbox 1710 2556 1769 2579; x_wconf 89' lang='lat' dir='ltr'><strong>ne-</strong></span> 
     </span>
    </p>
   </div>
   <div class='ocr_carea' id='block_1_16' title="bbox 1063 2611 1766 2690">
    <p class='ocr_par' dir='ltr' id='par_1_16' title="bbox 1063 2611 1766 2690">
     <span class='ocr_line' id='line_1_59' title="bbox 1063 2611 1766 2690; baseline -0.004 -6"><span class='ocrx_word' id='word_1_384' title='bbox 1063 2611 1272 2690; x_wconf 60' lang='lat' dir='ltr'><strong>posss&#39;AnM.</strong></span> <span class='ocrx_word' id='word_1_385' title='bbox 1289 2652 1386 2682; x_wconf 78' lang='lat'><strong>3933.</strong></span> <span class='ocrx_word' id='word_1_386' title='bbox 1410 2648 1469 2682; x_wconf 85' lang='grc' dir='ltr'><strong>οι.</strong></span> <span class='ocrx_word' id='word_1_387' title='bbox 1487 2650 1560 2681; x_wconf 77' lang='grc'><strong>164.</strong></span> <span class='ocrx_word' id='word_1_388' title='bbox 1575 2650 1608 2683; x_wconf 78' lang='lat'><strong>4.</strong></span> <span class='ocrx_word' id='word_1_389' title='bbox 1631 2646 1766 2681; x_wconf 64' lang='lat' dir='ltr'><strong>uruc.</strong></span> 
     </span>
    </p>
   </div>
   <div class='ocr_carea' id='block_1_17' title="bbox 1062 2700 1411 2737">
    <p class='ocr_par' dir='ltr' id='par_1_17' title="bbox 1062 2700 1411 2737">
     <span class='ocr_line' id='line_1_60' title="bbox 1062 2700 1411 2737; baseline -0.009 -2"><span class='ocrx_word' id='word_1_390' title='bbox 1062 2705 1138 2736; x_wconf 82' lang='lat'><strong>632.</strong></span> <span class='ocrx_word' id='word_1_391' title='bbox 1162 2702 1244 2737; x_wconf 87' lang='lat' dir='ltr'><strong>Ant.</strong></span> <span class='ocrx_word' id='word_1_392' title='bbox 1260 2700 1322 2732; x_wconf 81' lang='lat' dir='ltr'><strong>Ch.</strong></span> <span class='ocrx_word' id='word_1_393' title='bbox 1338 2702 1411 2736; x_wconf 85' lang='lat'><strong>120.</strong></span> 
     </span>
    </p>
   </div>
  </div>
 </body>
</html>
