1878 3132
217 146 307 191 682
609 156 820 190 vAnnRu
854 155 1050 191 MAxnul
1081 160 1178 192 mn.
1209 158 1295 192 vn.

220 252 471 296 consilium.
532 251 726 309 Magone
743 254 860 297 enim
880 253 1130 298 Cannensis
1146 269 1304 311 pugnae
1325 254 1495 299 exitum
1509 257 1685 301 senatui

222 321 465 364 Poenorum
492 322 739 375 nuntiante,
765 323 902 378 inque
933 324 1047 366 tanti
1073 336 1310 366 successus
1338 323 1474 366 fidem
1494 325 1686 369 annulos

221 401 383 431 aureos
402 389 533 432 trium
552 390 799 434 modiorum
815 396 829 415 ⁸
868 405 1118 435 mensuram
1153 393 1388 447 explentes
1420 392 1687 446 fundente,⁷²

223 457 301 511 qui
321 457 566 501 interfectis
584 460 751 501 nostris
783 460 960 503 civibus
981 460 1170 503 detracti
1190 465 1331 512 erant,
1351 460 1565 516 quaesivit
1599 463 1614 483 ‘
1631 473 1689 503 an

223 525 392 581 aliquis
412 526 659 569 sociorumt
687 532 793 582 post
812 531 982 570 tantam
1016 528 1192 571 cladem
1223 541 1251 571 a
1270 527 1489 570 Romanis
1503 533 1539 560 ⁷³
1569 527 1690 572 defe-

223 593 387 637 cisset:
405 593 416 611 '
453 598 587 650 atque
613 599 665 637 ut
692 595 864 638 audivit
882 596 1103 638 neminem
1138 595 1196 638 ad
1219 595 1527 638 Hannibalem
1547 599 1691 638 trans-

224 661 331 714 isse,
367 663 511 706 suasit
530 663 735 718 protinus
779 666 792 685 ‘
808 667 858 706 ut
873 664 1009 718 legati
1032 664 1244 715 Romam,
1266 676 1348 719 per
1368 676 1484 719 quos
1502 663 1559 705 de
1579 676 1692 718 pace

223 735 444 784 ageretur,
464 731 782 774 mitterentur.'‡
842 732 982 789 CuJus
1005 733 1046 775 si
1067 733 1286 776 sententia
1307 732 1538 783 valuisset,
1552 744 1692 787 neque

221 798 421 842 secundo
443 799 617 843 Punico
650 800 769 843 bello
799 801 921 844 victa
955 800 1199 856 CarthagO,
1228 813 1372 856 neque
1403 799 1531 842 tertio
1550 797 1694 843 deleta

225 864 357 909 foret.

283 935 353 977 17.
386 935 460 978 Ne
492 935 714 979 Samnites
735 936 917 991 quidem
953 950 1119 992 parvas
1151 949 1313 992 poenas
1345 935 1595 979 consimilis
1628 948 1697 979 er-

226 1002 340 1045 roris
355 1004 670 1059 pependerunt,
681 1005 800 1060 quod
816 1005 1030 1050 Herennii
1043 1006 1194 1049 Pontii
1206 1011 1226 1030 '²
1247 1005 1442 1050 salutare
1458 1004 1696 1048 consilium

227 1072 542 1126 neglexerunt:
575 1074 652 1129 qui
672 1074 936 1117 auctoritate
956 1078 1003 1117 et
1022 1073 1257 1129 prudentia
1273 1077 1444 1116 ceteros
1465 1076 1699 1128 praestans,

229 1140 287 1181 ab
307 1141 505 1184 exercitu
525 1147 572 1185 et
591 1142 687 1198 ejus
708 1143 822 1186 duce
841 1142 937 1186 filio
965 1156 1049 1185 suo
1070 1142 1315 1193 consultUS,
1345 1143 1359 1163 ‘
1375 1141 1583 1196 quidnam
1602 1139 1701 1183 fieri

231 1207 290 1250 de
324 1209 567 1264 legionibus
606 1211 826 1256 Romanis
870 1211 991 1267 apud
1033 1211 1204 1254 Furcas
1245 1210 1477 1253 Caudinas
1517 1208 1700 1253 inclusis

233 1275 428 1329 deberet,
446 1278 682 1322 inviolatas
698 1280 982 1322 dimittendas
996 1279 1007 1295 '
1028 1279 1278 1334 respondit.
1322 1278 1514 1320 Postero
1535 1277 1610 1320 die
1629 1289 1703 1319 ea-

234 1343 337 1386 dem
357 1346 413 1387 de
433 1359 479 1388 re
498 1347 812 1401 interrogatus,
843 1350 856 1370 ‘
874 1348 1011 1391 deleri
1028 1360 1108 1389 eas
1130 1345 1355 1402 oportere’
1384 1345 1526 1387 dixit:
1554 1348 1605 1386 ut
1623 1348 1703 1387 aut

233 1413 434 1456 maximo
454 1414 671 1458 beneficio
693 1416 835 1469 gratia
863 1415 1060 1458 hostium
1081 1417 1311 1464 emeretur,
1344 1415 1423 1454 aut
1442 1411 1704 1466 gravissima

226 1479 406 1536 ¹jactura
446 1483 562 1525 vires
600 1476 983 1538 confringerentur.
1067 1482 1156 1525 Sed
1193 1480 1446 1536 improvida
1481 1479 1711 1523 temeritas-

231 1547 466 1601 victorum,
488 1550 593 1593 dum
611 1555 840 1607 utramque
859 1556 1025 1607 partem
1059 1551 1230 1607 spernit
1259 1548 1487 1600 utilitatis,
1518 1548 1604 1591 sub
1629 1547 1705 1603 ju-

235 1628 339 1670 gum
357 1617 522 1661 missas
541 1618 590 1661 in
609 1620 851 1675 perniciem
879 1633 1008 1663 suam
1027 1611 1271 1663 accendit.*

851 1738 1091 1753 ‘numm

237 1813 443 1856 jubentibus
459 1817 617 1850 omnibus
631 1818 719 1850 Mss.
736 1818 939 1861 quibuscum
964 1818 1050 1851 facit
1075 1818 1179 1850 etiam
1193 1818 1276 1849 Vet.
1319 1815 1398 1847 Nec
1415 1813 1596 1863 eonsilium
1611 1811 1708 1844 Han-

241 1858 339 1890 nonis
357 1863 491 1891 tantum
507 1861 734 1894 excellentius
749 1867 804 1894 est
820 1862 963 1895 consilio
980 1861 1149 1904 Agesilai,
1170 1864 1209 1892 ut
1232 1858 1378 1901 Pighius
1403 1858 1625 1906 existimant,
1648 1853 1710 1886 sed

244 1902 387 1934 excellit
399 1902 492 1934 inter
507 1905 620 1936 omnia
630 1904 703 1946 jam
718 1905 933 1938 memorata!
955 1906 1149 1946 Remu—⁷2
1174 1903 1284 1936 Codd.
1300 1902 1444 1935 Torren.
1459 1903 1497 1932 et
1511 1898 1612 1931 editt.
1626 1901 1711 1948 ante

246 1943 404 1985 Pighium
420 1945 466 1977 ita
482 1946 622 1988 habent,
644 1958 711 1980 non
726 1958 808 1980 vero
824 1948 1016 1990 effundente,
1032 1957 1139 1990 quare
1153 1945 1343 1979 Torrenius
1359 1944 1505 1993 simplex
1520 1943 1710 1975 revocavit.

244 1989 330 2019 —213
354 1989 479 2030 Copes.
505 1991 649 2033 omittit,
671 2001 691 2023 a
713 1991 964 2025 Romania—74
988 1992 1114 2034 Copes.
1130 1995 1203 2024 tres
1220 1989 1342 2022 Leidd.
1359 1988 1487 2029 UltraJ.
1502 1988 1582 2020 1.2.
1603 1983 1710 2017 Barb-

905 2083 1051 2117 NOTAE

288 2167 301 2183 ¹
319 2162 428 2195 Trium
450 2166 636 2208 modiorum]
673 2167 731 2200 Ita
756 2167 862 2199 etiam
885 2168 953 2200 Eu-

245 2213 382 2256 tropius
404 2219 441 2247 et
464 2215 631 2257 Orosius;
655 2217 739 2250 duos
752 2218 884 2250 modios
897 2218 954 2250 ha-

243 2262 307 2297 bet
328 2264 462 2308 Florus,
476 2268 630 2300 nonnulli
651 2268 830 2302 dimidium
850 2280 957 2312 supra

247 2319 321 2348 tres
335 2316 467 2350 modios
483 2319 640 2360 explesse
664 2320 808 2353 volunt:
843 2321 957 2354 tenuit

248 2364 353 2409 fama,
366 2377 442 2410 quae
455 2369 595 2411 propior
609 2379 691 2402 vero
703 2374 768 2412 est,
779 2371 869 2404 haud
879 2372 955 2414 plus

246 2413 353 2449 fuisse
366 2418 492 2450 modio.

292 2467 303 2488 ἵ
316 2468 441 2510 Aliquis
453 2470 623 2513 sociorum]
651 2471 822 2505 Quaesivit
836 2473 955 2516 ecquis

250 2519 367 2552 Latini
403 2521 550 2554 nominis
582 2524 730 2564 populus
764 2522 956 2557 defecerit?

250 2569 376 2603 deinde
402 2572 521 2615 ecquis
546 2573 646 2606 homo
672 2584 717 2607 ex
731 2577 786 2608 35.
799 2575 956 2609 tribubus

253 2621 296 2652 ad
313 2622 546 2657 Hannibalem
562 2624 713 2668 fugerit?
734 2636 811 2660 eum
827 2632 958 2660 utrum-

254 2681 322 2712 que
335 2673 460 2707 Hanno
477 2682 651 2719 negasset,
664 2678 814 2720 subjecit
830 2688 958 2722 ecquos

252 2720 387 2763 legatos
411 2724 457 2756 ad
483 2725 715 2762 Hannibalem
732 2729 877 2763 Romani
897 2729 958 2763 mi-

1007 2167 1116 2200 serint
1132 2166 1176 2199 de
1198 2166 1310 2208 pace?
1342 2174 1419 2197 cum
1441 2163 1478 2196 id
1503 2170 1638 2205 quoque
1653 2170 1713 2193 ne-

1009 2222 1143 2260 gasset:
1166 2219 1176 2236 ‘
1193 2217 1318 2250 bellum
1333 2214 1460 2257 igitur‚’
1473 2213 1597 2256 inquit,
1617 2213 1628 2231 ‘
1642 2215 1714 2244 tam

1007 2270 1181 2311 integrum
1204 2268 1381 2307 habemus,
1403 2275 1503 2308 quam
1521 2263 1717 2303 habuimus,

1009 2330 1076 2363 qua
1086 2319 1143 2352 die
1157 2318 1333 2351 Hannibal
1345 2319 1379 2350 in
1388 2316 1528 2349 Italiam
1541 2318 1595 2347 est
1606 2317 1716 2346 trans-

1010 2370 1174 2413 gressus!
1218 2371 1305 2402 Haee
1320 2368 1452 2401 Livius.

1051 2425 1067 2459 ξ
1084 2421 1153 2454 Au.
1165 2421 1218 2453 M.
1234 2423 1332 2452 3838.
1357 2419 1416 2452 Ol.
1427 2420 1502 2451 141.
1517 2420 1549 2450 1.
1573 2414 1659 2448 Urb-
1673 2413 1716 2447 C.

1009 2475 1086 2506 53⁷.
1110 2471 1194 2505 Ant.
1203 2472 1264 2505 Ch.
1274 2474 1350 2503 215.

1053 2528 1068 2545 ¹¹
1083 2522 1240 2556 Herennii
1251 2520 1380 2562 Pontii]
1394 2520 1448 2552 De
1462 2517 1563 2552 clade
1575 2516 1619 2550 ad
1631 2516 1716 2549 Fur-

1011 2585 1069 2608 cas
1084 2574 1258 2607 Caudinas
1263 2572 1339 2614 jam
1351 2571 1495 2613 egimus.

1054 2627 1074 2646 ⁸*
1090 2626 1156 2659 An.
1179 2626 1230 2658 M.
1241 2627 1338 2657 3733.
1361 2623 1505 2656 01.114.
1516 2624 1549 2655 4.
1570 2618 1658 2654 Urb.
1676 2617 1719 2652 C.

1012 2681 1087 2715 432.
1109 2676 1195 2711 Ant.
1210 2676 1272 2710 ch.
1287 2677 1363 2709 320.
